<?xml version="1.0" encoding="UTF-8"?>
<!DOCTYPE html PUBLIC "-//W3C//DTD XHTML 1.0 Transitional//EN"
    "http://www.w3.org/TR/xhtml1/DTD/xhtml1-transitional.dtd">
<html xmlns="http://www.w3.org/1999/xhtml" xml:lang="en" lang="en">
 <head>
  <title>
</title>
<meta http-equiv="Content-Type" content="text/html;charset=utf-8" />
  <meta name='ocr-system' content='tesseract 3.04.00' />
  <meta name='ocr-capabilities' content='ocr_page ocr_carea ocr_par ocr_line ocrx_word'/>
</head>
<body>
  <div class='ocr_page' id='page_1' title='image "./bookvilivy00livyuoft/bookvilivy00livyuoft_0050.png"; bbox 0 0 1586 2460; ppageno 0'>
   <div class='ocr_carea' id='block_1_1' title="bbox 111 74 858 110">
    <p class='ocr_par' dir='ltr' id='par_1_1' title="bbox 111 74 858 110">
     <span class='ocr_line' id='line_1_1' title="bbox 111 74 858 110; baseline 0.001 -1"><span class='ocrx_word' id='word_1_1' title='bbox 111 76 134 109; x_wconf 80' lang='grc' dir='ltr'>ὅ</span> <span class='ocrx_word' id='word_1_2' title='bbox 698 74 858 110; x_wconf 82' lang='lat' dir='ltr'><em>LlVll</em></span> 
     </span>
    </p>
   </div>
   <div class='ocr_carea' id='block_1_2' title="bbox 64 174 1494 1257">
    <p class='ocr_par' dir='ltr' id='par_1_2' title="bbox 67 174 1440 426">
     <span class='ocr_line' id='line_1_2' title="bbox 67 174 1439 225; baseline 0.004 -11"><span class='ocrx_word' id='word_1_3' title='bbox 67 179 89 214; x_wconf 87' lang='lat'><strong>6</strong></span> <span class='ocrx_word' id='word_1_4' title='bbox 194 178 240 213; x_wconf 93' lang='lat' dir='ltr'>In</span> <span class='ocrx_word' id='word_1_5' title='bbox 279 174 436 213; x_wconf 84' lang='lat' dir='ltr'>civitate</span> <span class='ocrx_word' id='word_1_6' title='bbox 474 177 594 224; x_wconf 86' lang='lat' dir='ltr'>plena</span> <span class='ocrx_word' id='word_1_7' title='bbox 630 175 875 225; x_wconf 85' lang='lat' dir='ltr'>religionum,</span> <span class='ocrx_word' id='word_1_8' title='bbox 917 186 1010 216; x_wconf 89' lang='lat' dir='ltr'>tunc</span> <span class='ocrx_word' id='word_1_9' title='bbox 1049 179 1164 217; x_wconf 83' lang='lat' dir='ltr'>etiam</span> <span class='ocrx_word' id='word_1_10' title='bbox 1205 181 1255 218; x_wconf 87' lang='lat' dir='ltr'>ab</span> <span class='ocrx_word' id='word_1_11' title='bbox 1292 181 1439 219; x_wconf 84' lang='lat' dir='ltr'>recenti</span> 
     </span>
     <span class='ocr_line' id='line_1_3' title="bbox 110 239 1438 295; baseline 0.005 -17"><span class='ocrx_word' id='word_1_12' title='bbox 110 241 221 278; x_wconf 82' lang='lat' dir='ltr'>clade</span> <span class='ocrx_word' id='word_1_13' title='bbox 254 239 530 289; x_wconf 73' lang='lat' dir='ltr'>superstitiosis</span> <span class='ocrx_word' id='word_1_14' title='bbox 568 241 821 291; x_wconf 86' lang='lat' dir='ltr'>principibus,</span> <span class='ocrx_word' id='word_1_15' title='bbox 857 249 900 281; x_wconf 90' lang='lat' dir='ltr'>ut</span> <span class='ocrx_word' id='word_1_16' title='bbox 937 252 1218 283; x_wconf 85' lang='lat' dir='ltr'>renovarentur</span> <span class='ocrx_word' id='word_1_17' title='bbox 1253 245 1438 295; x_wconf 89' lang='lat' dir='ltr'>auspicia,</span> 
     </span>
     <span class='ocr_line' id='line_1_4' title="bbox 110 305 1440 359; baseline 0.005 -17"><span class='ocrx_word' id='word_1_18' title='bbox 110 319 169 344; x_wconf 88' lang='lat' dir='ltr'>res</span> <span class='ocrx_word' id='word_1_19' title='bbox 195 305 246 343; x_wconf 85' lang='lat' dir='ltr'>ad</span> <span class='ocrx_word' id='word_1_20' title='bbox 265 305 527 355; x_wconf 81' lang='lat' dir='ltr'>interregnum</span> <span class='ocrx_word' id='word_1_21' title='bbox 555 306 678 345; x_wconf 86' lang='lat' dir='ltr'>rediit.</span> <span class='ocrx_word' id='word_1_22' title='bbox 738 309 948 358; x_wconf 86' lang='lat' dir='ltr'>interreges</span> <span class='ocrx_word' id='word_1_23' title='bbox 975 308 1162 359; x_wconf 85' lang='lat' dir='ltr'>deinceps</span> <span class='ocrx_word' id='word_1_24' title='bbox 1185 311 1242 348; x_wconf 90' lang='lat' dir='ltr'>M.</span> <span class='ocrx_word' id='word_1_25' title='bbox 1266 309 1440 350; x_wconf 88' lang='lat' dir='ltr'>Manlius</span> 
     </span>
     <span class='ocr_line' id='line_1_5' title="bbox 112 369 1440 426; baseline 0.005 -19"><span class='ocrx_word' id='word_1_26' title='bbox 112 369 369 425; x_wconf 76' lang='lat' dir='ltr'>Capitolinus,</span> <span class='ocrx_word' id='word_1_27' title='bbox 398 373 475 410; x_wconf 85' lang='lat' dir='ltr'>Ser.</span> <span class='ocrx_word' id='word_1_28' title='bbox 499 373 691 422; x_wconf 87' lang='lat' dir='ltr'>Sulpicius</span> <span class='ocrx_word' id='word_1_29' title='bbox 719 373 964 421; x_wconf 88' lang='lat' dir='ltr'>Camerinus,</span> <span class='ocrx_word' id='word_1_30' title='bbox 993 376 1034 413; x_wconf 94' lang='lat' dir='ltr'>L.</span> <span class='ocrx_word' id='word_1_31' title='bbox 1058 374 1237 414; x_wconf 87' lang='lat' dir='ltr'>Valerius</span> <span class='ocrx_word' id='word_1_32' title='bbox 1265 374 1418 415; x_wconf 90' lang='lat' dir='ltr'>Potitus</span> <span class='ocrx_word' id='word_1_33' title='bbox 1428 391 1440 426; x_wconf 85' lang='lat'>;</span> 
     </span>
    </p>

    <p class='ocr_par' dir='ltr' id='par_1_3' title="bbox 69 435 1475 615">
     <span class='ocr_line' id='line_1_6' title="bbox 69 435 1475 488; baseline 0.005 -17"><span class='ocrx_word' id='word_1_34' title='bbox 69 447 87 483; x_wconf 93' lang='lat'>7</span> <span class='ocrx_word' id='word_1_35' title='bbox 110 435 172 471; x_wconf 86' lang='lat' dir='ltr'>hic</span> <span class='ocrx_word' id='word_1_36' title='bbox 193 436 353 473; x_wconf 89' lang='lat' dir='ltr'>demum</span> <span class='ocrx_word' id='word_1_37' title='bbox 374 435 617 475; x_wconf 88' lang='lat' dir='ltr'>tribunorum</span> <span class='ocrx_word' id='word_1_38' title='bbox 646 437 811 475; x_wconf 86' lang='lat' dir='ltr'>militum</span> <span class='ocrx_word' id='word_1_39' title='bbox 838 439 1033 476; x_wconf 89' lang='lat' dir='ltr'>consulari</span> <span class='ocrx_word' id='word_1_40' title='bbox 1060 446 1254 488; x_wconf 87' lang='lat' dir='ltr'>potestate</span> <span class='ocrx_word' id='word_1_41' title='bbox 1280 439 1441 478; x_wconf 86' lang='lat' dir='ltr'>comitia</span> <span class='ocrx_word' id='word_1_42' title='bbox 1457 458 1475 483; x_wconf 85' lang='lat'>.·›</span> 
     </span>
     <span class='ocr_line' id='line_1_7' title="bbox 110 500 1440 553; baseline 0.004 -16"><span class='ocrx_word' id='word_1_43' title='bbox 110 500 256 538; x_wconf 85' lang='lat' dir='ltr'>habuit.</span> <span class='ocrx_word' id='word_1_44' title='bbox 318 502 359 538; x_wconf 96' lang='lat' dir='ltr'>L.</span> <span class='ocrx_word' id='word_1_45' title='bbox 392 501 600 551; x_wconf 82' lang='lat' dir='ltr'>Papirium,</span> <span class='ocrx_word' id='word_1_46' title='bbox 628 503 668 541; x_wconf 90' lang='lat' dir='ltr'>C.</span> <span class='ocrx_word' id='word_1_47' title='bbox 698 504 926 550; x_wconf 73' lang='lat' dir='ltr'>Cornelium,</span> <span class='ocrx_word' id='word_1_48' title='bbox 950 505 994 542; x_wconf 92' lang='lat' dir='ltr'>C.</span> <span class='ocrx_word' id='word_1_49' title='bbox 1024 504 1211 553; x_wconf 85' lang='lat' dir='ltr'>Sergium,</span> <span class='ocrx_word' id='word_1_50' title='bbox 1241 506 1283 543; x_wconf 87' lang='lat' dir='ltr'>L.</span> <span class='ocrx_word' id='word_1_51' title='bbox 1307 505 1440 543; x_wconf 85' lang='lat' dir='ltr'>Aemi-</span> 
     </span>
     <span class='ocr_line' id='line_1_8' title="bbox 109 564 1438 615; baseline 0.004 -13"><span class='ocrx_word' id='word_1_52' title='bbox 109 565 202 602; x_wconf 88' lang='lat' dir='ltr'>lium</span> <span class='ocrx_word' id='word_1_53' title='bbox 223 564 374 613; x_wconf 84' lang='lat' dir='ltr'>iterum,</span> <span class='ocrx_word' id='word_1_54' title='bbox 398 567 439 603; x_wconf 94' lang='lat' dir='ltr'>L.</span> <span class='ocrx_word' id='word_1_55' title='bbox 465 566 708 615; x_wconf 83' lang='lat' dir='ltr'>Menenium,</span> <span class='ocrx_word' id='word_1_56' title='bbox 733 569 774 606; x_wconf 91' lang='lat' dir='ltr'>L.</span> <span class='ocrx_word' id='word_1_57' title='bbox 796 568 996 606; x_wconf 87' lang='lat' dir='ltr'>Valerium</span> <span class='ocrx_word' id='word_1_58' title='bbox 1019 569 1263 607; x_wconf 81' lang='lat' dir='ltr'>Publicolam</span> <span class='ocrx_word' id='word_1_59' title='bbox 1282 570 1438 608; x_wconf 89' lang='lat' dir='ltr'>tertium</span> 
     </span>
    </p>

    <p class='ocr_par' dir='ltr' id='par_1_4' title="bbox 67 631 1494 877">
     <span class='ocr_line' id='line_1_9' title="bbox 67 631 1440 684; baseline 0.001 -13"><span class='ocrx_word' id='word_1_60' title='bbox 67 636 232 679; x_wconf 79' lang='lat' dir='ltr'>Screat3</span> <span class='ocrx_word' id='word_1_61' title='bbox 276 631 301 669; x_wconf 91' lang='lat' dir='ltr'>ii</span> <span class='ocrx_word' id='word_1_62' title='bbox 336 645 383 670; x_wconf 85' lang='lat' dir='ltr'>ex</span> <span class='ocrx_word' id='word_1_63' title='bbox 421 631 644 683; x_wconf 84' lang='lat' dir='ltr'>interregno</span> <span class='ocrx_word' id='word_1_64' title='bbox 683 632 950 684; x_wconf 79' lang='lat' dir='ltr'>magistratum</span> <span class='ocrx_word' id='word_1_65' title='bbox 990 647 1189 684; x_wconf 78' lang='lat' dir='ltr'>occepere.</span> <span class='ocrx_word' id='word_1_66' title='bbox 1248 647 1297 674; x_wconf 90' lang='lat' dir='ltr'>eo</span> <span class='ocrx_word' id='word_1_67' title='bbox 1333 647 1440 673; x_wconf 87' lang='lat' dir='ltr'>anno</span> 
     </span>
     <span class='ocr_line' id='line_1_10' title="bbox 111 696 1441 747; baseline 0.002 -14"><span class='ocrx_word' id='word_1_68' title='bbox 111 696 229 734; x_wconf 89' lang='lat' dir='ltr'>aedes</span> <span class='ocrx_word' id='word_1_69' title='bbox 259 696 396 735; x_wconf 88' lang='lat' dir='ltr'>Martis</span> <span class='ocrx_word' id='word_1_70' title='bbox 424 696 578 736; x_wconf 87' lang='lat' dir='ltr'>Gallico</span> <span class='ocrx_word' id='word_1_71' title='bbox 607 698 711 737; x_wconf 87' lang='lat' dir='ltr'>bello</span> <span class='ocrx_word' id='word_1_72' title='bbox 737 706 829 738; x_wconf 89' lang='lat' dir='ltr'>vota</span> <span class='ocrx_word' id='word_1_73' title='bbox 849 697 1031 738; x_wconf 85' lang='lat' dir='ltr'>dedicata</span> <span class='ocrx_word' id='word_1_74' title='bbox 1055 706 1114 737; x_wconf 88' lang='lat' dir='ltr'>est</span> <span class='ocrx_word' id='word_1_75' title='bbox 1139 712 1163 737; x_wconf 86' lang='lat' dir='ltr'>a</span> <span class='ocrx_word' id='word_1_76' title='bbox 1182 700 1229 737; x_wconf 90' lang='lat' dir='ltr'>T.</span> <span class='ocrx_word' id='word_1_77' title='bbox 1253 698 1441 747; x_wconf 85' lang='lat' dir='ltr'>Quinctio</span> 
     </span>
     <span class='ocr_line' id='line_1_11' title="bbox 110 760 1494 813; baseline 0.002 -15"><span class='ocrx_word' id='word_1_78' title='bbox 110 760 316 800; x_wconf 86' lang='lat' dir='ltr'>duumviro</span> <span class='ocrx_word' id='word_1_79' title='bbox 337 761 454 800; x_wconf 85' lang='lat' dir='ltr'>sacris</span> <span class='ocrx_word' id='word_1_80' title='bbox 481 761 682 801; x_wconf 87' lang='lat' dir='ltr'>faciendis.</span> <span class='ocrx_word' id='word_1_81' title='bbox 741 764 864 802; x_wconf 82' lang='lat' dir='ltr'>tribus</span> <span class='ocrx_word' id='word_1_82' title='bbox 890 770 1074 813; x_wconf 89' lang='lat' dir='ltr'>quattuor</span> <span class='ocrx_word' id='word_1_83' title='bbox 1093 777 1140 802; x_wconf 83' lang='lat' dir='ltr'>ex</span> <span class='ocrx_word' id='word_1_84' title='bbox 1160 762 1272 802; x_wconf 88' lang='lat' dir='ltr'>novis</span> <span class='ocrx_word' id='word_1_85' title='bbox 1291 762 1442 801; x_wconf 87' lang='lat' dir='ltr'>civibus</span> <span class='ocrx_word' id='word_1_86' title='bbox 1462 785 1494 802; x_wconf 72' lang='grc' dir='ltr'>ιο</span> 
     </span>
     <span class='ocr_line' id='line_1_12' title="bbox 110 826 1442 877; baseline 0.002 -14"><span class='ocrx_word' id='word_1_87' title='bbox 110 826 277 873; x_wconf 83' lang='lat' dir='ltr'>additae,</span> <span class='ocrx_word' id='word_1_88' title='bbox 299 826 511 873; x_wconf 82' lang='lat' dir='ltr'>Stellatina,</span> <span class='ocrx_word' id='word_1_89' title='bbox 533 826 802 874; x_wconf 85' lang='lat' dir='ltr'>Tromentina,</span> <span class='ocrx_word' id='word_1_90' title='bbox 824 828 1020 875; x_wconf 83' lang='lat' dir='ltr'>Sabatina,</span> <span class='ocrx_word' id='word_1_91' title='bbox 1043 827 1243 866; x_wconf 82' lang='lat' dir='ltr'>Arniensis</span> <span class='ocrx_word' id='word_1_92' title='bbox 1252 843 1262 876; x_wconf 77' lang='lat'><em>3</em></span> <span class='ocrx_word' id='word_1_93' title='bbox 1293 840 1442 877; x_wconf 85' lang='lat' dir='ltr'>eaeque</span> 
     </span>
    </p>

    <p class='ocr_par' dir='ltr' id='par_1_5' title="bbox 64 890 1442 1075">
     <span class='ocr_line' id='line_1_13' title="bbox 64 890 1441 943; baseline 0.001 -15"><span class='ocrx_word' id='word_1_94' title='bbox 64 890 92 933; x_wconf 89' lang='grc'><strong>6</strong></span> <span class='ocrx_word' id='word_1_95' title='bbox 110 891 245 941; x_wconf 85' lang='lat' dir='ltr'>viginti</span> <span class='ocrx_word' id='word_1_96' title='bbox 261 890 436 940; x_wconf 84' lang='lat' dir='ltr'>quinque</span> <span class='ocrx_word' id='word_1_97' title='bbox 452 891 622 929; x_wconf 85' lang='lat' dir='ltr'>tribuum</span> <span class='ocrx_word' id='word_1_98' title='bbox 638 905 843 931; x_wconf 88' lang='lat' dir='ltr'>numerum</span> <span class='ocrx_word' id='word_1_99' title='bbox 860 894 1077 943; x_wconf 85' lang='lat' dir='ltr'>explevere.</span> <span class='ocrx_word' id='word_1_100' title='bbox 1126 893 1176 931; x_wconf 91' lang='lat' dir='ltr'>de</span> <span class='ocrx_word' id='word_1_101' title='bbox 1192 905 1283 943; x_wconf 89' lang='lat' dir='ltr'>agro</span> <span class='ocrx_word' id='word_1_102' title='bbox 1301 895 1441 942; x_wconf 87' lang='lat' dir='ltr'>Pomp-</span> 
     </span>
     <span class='ocr_line' id='line_1_14' title="bbox 112 956 1442 1008; baseline 0.002 -14"><span class='ocrx_word' id='word_1_103' title='bbox 112 957 193 995; x_wconf 83' lang='lat' dir='ltr'>tino</span> <span class='ocrx_word' id='word_1_104' title='bbox 222 957 271 994; x_wconf 88' lang='lat' dir='ltr'>ab</span> <span class='ocrx_word' id='word_1_105' title='bbox 303 958 345 994; x_wconf 90' lang='lat' dir='ltr'>L.</span> <span class='ocrx_word' id='word_1_106' title='bbox 379 956 524 995; x_wconf 88' lang='lat' dir='ltr'>Sicinio</span> <span class='ocrx_word' id='word_1_107' title='bbox 554 957 711 997; x_wconf 87' lang='lat' dir='ltr'>tribuno</span> <span class='ocrx_word' id='word_1_108' title='bbox 741 957 868 1008; x_wconf 86' lang='lat' dir='ltr'>plebis</span> <span class='ocrx_word' id='word_1_109' title='bbox 897 966 1028 997; x_wconf 87' lang='lat' dir='ltr'>actum</span> <span class='ocrx_word' id='word_1_110' title='bbox 1058 959 1109 997; x_wconf 86' lang='lat' dir='ltr'>ad</span> <span class='ocrx_word' id='word_1_111' title='bbox 1138 958 1442 1008; x_wconf 86' lang='lat' dir='ltr'>frequentiorem</span> 
     </span>
     <span class='ocr_line' id='line_1_15' title="bbox 111 1022 1441 1075; baseline 0.002 -15"><span class='ocrx_word' id='word_1_112' title='bbox 111 1022 187 1060; x_wconf 77' lang='lat' dir='ltr'>iam</span> <span class='ocrx_word' id='word_1_113' title='bbox 223 1024 415 1073; x_wconf 89' lang='lat' dir='ltr'>populum</span> <span class='ocrx_word' id='word_1_114' title='bbox 449 1022 778 1073; x_wconf 85' lang='lat' dir='ltr'>mobilioremque</span> <span class='ocrx_word' id='word_1_115' title='bbox 815 1024 866 1062; x_wconf 83' lang='lat' dir='ltr'>ad</span> <span class='ocrx_word' id='word_1_116' title='bbox 900 1023 1158 1074; x_wconf 84' lang='lat' dir='ltr'>cupiditatem</span> <span class='ocrx_word' id='word_1_117' title='bbox 1195 1024 1287 1075; x_wconf 85' lang='lat' dir='ltr'>agri,</span> <span class='ocrx_word' id='word_1_118' title='bbox 1322 1036 1441 1074; x_wconf 89' lang='lat' dir='ltr'>quam</span> 
     </span>
    </p>

    <p class='ocr_par' dir='ltr' id='par_1_6' title="bbox 70 1087 1494 1257">
     <span class='ocr_line' id='line_1_16' title="bbox 70 1087 1494 1139; baseline 0 -14"><span class='ocrx_word' id='word_1_119' title='bbox 70 1105 87 1128; x_wconf 82' lang='lat'><strong>2</strong></span> <span class='ocrx_word' id='word_1_120' title='bbox 111 1088 246 1126; x_wconf 89' lang='lat' dir='ltr'>fuerat.</span> <span class='ocrx_word' id='word_1_121' title='bbox 316 1095 355 1126; x_wconf 92' lang='lat' dir='ltr'>et</span> <span class='ocrx_word' id='word_1_122' title='bbox 394 1089 444 1126; x_wconf 92' lang='lat' dir='ltr'>de</span> <span class='ocrx_word' id='word_1_123' title='bbox 481 1089 623 1126; x_wconf 79' lang='lat' dir='ltr'>Latino</span> <span class='ocrx_word' id='word_1_124' title='bbox 661 1088 918 1139; x_wconf 87' lang='lat' dir='ltr'>Hernicoque</span> <span class='ocrx_word' id='word_1_125' title='bbox 952 1090 1058 1127; x_wconf 86' lang='lat' dir='ltr'>bello</span> <span class='ocrx_word' id='word_1_126' title='bbox 1091 1087 1241 1127; x_wconf 90' lang='lat' dir='ltr'>mentio</span> <span class='ocrx_word' id='word_1_127' title='bbox 1270 1089 1374 1126; x_wconf 87' lang='lat' dir='ltr'>facta</span> <span class='ocrx_word' id='word_1_128' title='bbox 1401 1087 1442 1125; x_wconf 91' lang='lat' dir='ltr'>in</span> <span class='ocrx_word' id='word_1_129' title='bbox 1463 1106 1494 1130; x_wconf 79' lang='lat'>15</span> 
     </span>
     <span class='ocr_line' id='line_1_17' title="bbox 113 1151 1443 1204; baseline 0 -14"><span class='ocrx_word' id='word_1_130' title='bbox 113 1160 250 1191; x_wconf 80' lang='lat' dir='ltr'>senatu</span> <span class='ocrx_word' id='word_1_131' title='bbox 277 1151 433 1190; x_wconf 86' lang='lat' dir='ltr'>maioris</span> <span class='ocrx_word' id='word_1_132' title='bbox 453 1153 546 1190; x_wconf 88' lang='lat' dir='ltr'>belli</span> <span class='ocrx_word' id='word_1_133' title='bbox 573 1166 676 1200; x_wconf 86' lang='lat' dir='ltr'>cura,</span> <span class='ocrx_word' id='word_1_134' title='bbox 698 1154 808 1204; x_wconf 90' lang='lat' dir='ltr'>quod</span> <span class='ocrx_word' id='word_1_135' title='bbox 831 1151 982 1191; x_wconf 79' lang='lat' dir='ltr'>Etruria</span> <span class='ocrx_word' id='word_1_136' title='bbox 1000 1152 1041 1191; x_wconf 92' lang='lat' dir='ltr'>in</span> <span class='ocrx_word' id='word_1_137' title='bbox 1068 1153 1184 1192; x_wconf 84' lang='lat' dir='ltr'>armis</span> <span class='ocrx_word' id='word_1_138' title='bbox 1208 1159 1300 1199; x_wconf 90' lang='lat' dir='ltr'>erat,</span> <span class='ocrx_word' id='word_1_139' title='bbox 1322 1151 1443 1190; x_wconf 84' lang='lat' dir='ltr'>dilata</span> 
     </span>
     <span class='ocr_line' id='line_1_18' title="bbox 110 1226 180 1257; baseline -0.014 0"><span class='ocrx_word' id='word_1_140' title='bbox 110 1226 180 1257; x_wconf 89' lang='lat' dir='ltr'>est.</span> 
     </span>
    </p>
   </div>
   <div class='ocr_carea' id='block_1_3' title="bbox 113 1373 1496 1685">
    <p class='ocr_par' dir='ltr' id='par_1_7' title="bbox 113 1373 1496 1685">
     <span class='ocr_line' id='line_1_19' title="bbox 113 1373 1444 1419; baseline -0.001 -14"><span class='ocrx_word' id='word_1_141' title='bbox 113 1381 179 1405; x_wconf 58' lang='grc' dir='ltr'>ΒΩ.</span> <span class='ocrx_word' id='word_1_142' title='bbox 221 1373 292 1413; x_wconf 77' lang='lat'><strong>386.</strong></span> <span class='ocrx_word' id='word_1_143' title='bbox 343 1374 517 1419; x_wconf 30' lang='lat' dir='ltr'>Camillus·</span> <span class='ocrx_word' id='word_1_144' title='bbox 545 1374 695 1414; x_wconf 71' lang='lat' dir='ltr'>military</span> <span class='ocrx_word' id='word_1_145' title='bbox 725 1375 864 1413; x_wconf 77' lang='lat' dir='ltr'>tribune,</span> <span class='ocrx_word' id='word_1_146' title='bbox 899 1375 978 1405; x_wconf 72' lang='lat' dir='ltr'>with</span> <span class='ocrx_word' id='word_1_147' title='bbox 1003 1374 1074 1415; x_wconf 83' lang='lat' dir='ltr'>five</span> <span class='ocrx_word' id='word_1_148' title='bbox 1104 1375 1284 1415; x_wconf 79' lang='lat' dir='ltr'>colleagues.</span> <span class='ocrx_word' id='word_1_149' title='bbox 1343 1374 1444 1405; x_wconf 76' lang='lat' dir='ltr'>[Vews</span> 
     </span>
     <span class='ocr_line' id='line_1_20' title="bbox 196 1418 1446 1471; baseline 0.001 -13"><span class='ocrx_word' id='word_1_150' title='bbox 196 1429 323 1459; x_wconf 59' lang='lat' dir='ltr'>arrives</span> <span class='ocrx_word' id='word_1_151' title='bbox 349 1429 421 1460; x_wconf 78' lang='lat' dir='ltr'>tlzal</span> <span class='ocrx_word' id='word_1_152' title='bbox 443 1418 589 1460; x_wconf 45' lang='lat' dir='ltr'>An&#39;tz&#39;um</span> <span class='ocrx_word' id='word_1_153' title='bbox 615 1430 751 1461; x_wconf 80' lang='lat' dir='ltr'>assz&#39;sled</span> <span class='ocrx_word' id='word_1_154' title='bbox 778 1431 816 1471; x_wconf 76' lang='lat' dir='ltr'>by</span> <span class='ocrx_word' id='word_1_155' title='bbox 838 1431 890 1462; x_wconf 72' lang='lat' dir='ltr'>the</span> <span class='ocrx_word' id='word_1_156' title='bbox 920 1430 1042 1461; x_wconf 72' lang='lat' dir='ltr'>Latius</span> <span class='ocrx_word' id='word_1_157' title='bbox 1070 1430 1098 1461; x_wconf 85' lang='lat' dir='ltr'>is</span> <span class='ocrx_word' id='word_1_158' title='bbox 1127 1430 1164 1460; x_wconf 82' lang='lat' dir='ltr'>in</span> <span class='ocrx_word' id='word_1_159' title='bbox 1193 1440 1285 1461; x_wconf 81' lang='lat' dir='ltr'>arms</span> <span class='ocrx_word' id='word_1_160' title='bbox 1314 1429 1446 1470; x_wconf 77' lang='lat' dir='ltr'>against</span> 
     </span>
     <span class='ocr_line' id='line_1_21' title="bbox 197 1480 1496 1523; baseline -0.001 -12"><span class='ocrx_word' id='word_1_161' title='bbox 197 1482 308 1512; x_wconf 65' lang='lat' dir='ltr'>lx&#39;omc.</span> <span class='ocrx_word' id='word_1_162' title='bbox 367 1481 528 1512; x_wconf 78' lang='lat' dir='ltr'>Camillus</span> <span class='ocrx_word' id='word_1_163' title='bbox 558 1486 593 1512; x_wconf 82' lang='lat' dir='ltr'>at</span> <span class='ocrx_word' id='word_1_164' title='bbox 627 1482 681 1513; x_wconf 73' lang='lat' dir='ltr'>tlze</span> <span class='ocrx_word' id='word_1_165' title='bbox 709 1481 811 1513; x_wconf 79' lang='lat' dir='ltr'>desire</span> <span class='ocrx_word' id='word_1_166' title='bbox 840 1482 882 1523; x_wconf 88' lang='lat' dir='ltr'>of</span> <span class='ocrx_word' id='word_1_167' title='bbox 909 1482 962 1512; x_wconf 70' lang='lat' dir='ltr'>leis</span> <span class='ocrx_word' id='word_1_168' title='bbox 993 1482 1166 1522; x_wconf 74' lang='lat' dir='ltr'>collcagues</span> <span class='ocrx_word' id='word_1_169' title='bbox 1194 1480 1279 1511; x_wconf 80' lang='lat' dir='ltr'>takes</span> <span class='ocrx_word' id='word_1_170' title='bbox 1308 1480 1447 1521; x_wconf 82' lang='lat' dir='ltr'>general</span> <span class='ocrx_word' id='word_1_171' title='bbox 1461 1492 1496 1511; x_wconf 64' lang='grc' dir='ltr'>πο</span> 
     </span>
     <span class='ocr_line' id='line_1_22' title="bbox 197 1534 1441 1576; baseline 0.001 -11"><span class='ocrx_word' id='word_1_172' title='bbox 197 1536 370 1566; x_wconf 77' lang='lat' dir='ltr'>command</span> <span class='ocrx_word' id='word_1_173' title='bbox 389 1537 429 1576; x_wconf 56' lang='grc' dir='ltr'>(γ’</span> <span class='ocrx_word' id='word_1_174' title='bbox 451 1536 502 1566; x_wconf 84' lang='lat' dir='ltr'>all</span> <span class='ocrx_word' id='word_1_175' title='bbox 521 1536 574 1566; x_wconf 74' lang='lat' dir='ltr'>the</span> <span class='ocrx_word' id='word_1_176' title='bbox 593 1535 710 1575; x_wconf 77' lang='lat' dir='ltr'>forces,</span> <span class='ocrx_word' id='word_1_177' title='bbox 735 1536 843 1567; x_wconf 70' lang='lat' dir='ltr'>wln‘clc</span> <span class='ocrx_word' id='word_1_178' title='bbox 867 1536 906 1567; x_wconf 78' lang='lat' dir='ltr'>lze</span> <span class='ocrx_word' id='word_1_179' title='bbox 931 1536 1053 1567; x_wconf 69' lang='lat' dir='ltr'>divides</span> <span class='ocrx_word' id='word_1_180' title='bbox 1076 1536 1143 1566; x_wconf 80' lang='lat' dir='ltr'>into</span> <span class='ocrx_word' id='word_1_181' title='bbox 1165 1535 1253 1566; x_wconf 78' lang='lat' dir='ltr'>three</span> <span class='ocrx_word' id='word_1_182' title='bbox 1274 1534 1441 1573; x_wconf 69' lang='lat' dir='ltr'>div12vz&#39;0ns,</span> 
     </span>
     <span class='ocr_line' id='line_1_23' title="bbox 197 1588 1442 1630; baseline 0 -11"><span class='ocrx_word' id='word_1_183' title='bbox 197 1600 254 1620; x_wconf 78' lang='lat' dir='ltr'>one</span> <span class='ocrx_word' id='word_1_184' title='bbox 267 1594 298 1621; x_wconf 83' lang='lat' dir='ltr'>to</span> <span class='ocrx_word' id='word_1_185' title='bbox 313 1594 365 1620; x_wconf 72' lang='lat' dir='ltr'>act</span> <span class='ocrx_word' id='word_1_186' title='bbox 376 1590 508 1630; x_wconf 74' lang='lat' dir='ltr'>against</span> <span class='ocrx_word' id='word_1_187' title='bbox 520 1592 549 1620; x_wconf 85' lang='lat' dir='ltr'><em>A</em></span> <span class='ocrx_word' id='word_1_188' title='bbox 554 1590 673 1628; x_wconf 77' lang='lat' dir='ltr'>ullum,</span> <span class='ocrx_word' id='word_1_189' title='bbox 689 1590 741 1621; x_wconf 80' lang='lat' dir='ltr'>tlze</span> <span class='ocrx_word' id='word_1_190' title='bbox 755 1590 868 1622; x_wconf 76' lang='lat' dir='ltr'>second</span> <span class='ocrx_word' id='word_1_191' title='bbox 880 1594 910 1620; x_wconf 79' lang='lat' dir='ltr'>lo</span> <span class='ocrx_word' id='word_1_192' title='bbox 923 1590 1027 1620; x_wconf 68' lang='lat' dir='ltr'>walch</span> <span class='ocrx_word' id='word_1_193' title='bbox 1037 1589 1089 1621; x_wconf 76' lang='lat' dir='ltr'>tlte</span> <span class='ocrx_word' id='word_1_194' title='bbox 1103 1590 1297 1627; x_wconf 70' lang='lat' dir='ltr'>Etruscam,</span> <span class='ocrx_word' id='word_1_195' title='bbox 1312 1588 1442 1627; x_wconf 75' lang='lat' dir='ltr'>Latius,</span> 
     </span>
     <span class='ocr_line' id='line_1_24' title="bbox 198 1644 953 1685; baseline 0.001 -10"><span class='ocrx_word' id='word_1_196' title='bbox 198 1644 269 1675; x_wconf 74' lang='lat' dir='ltr'>and</span> <span class='ocrx_word' id='word_1_197' title='bbox 282 1645 482 1683; x_wconf 66' lang='lat' dir='ltr'>Hernicum,</span> <span class='ocrx_word' id='word_1_198' title='bbox 503 1645 555 1675; x_wconf 73' lang='lat' dir='ltr'>tlte</span> <span class='ocrx_word' id='word_1_199' title='bbox 570 1645 663 1675; x_wconf 73' lang='lat' dir='ltr'>third</span> <span class='ocrx_word' id='word_1_200' title='bbox 674 1649 705 1675; x_wconf 73' lang='lat' dir='ltr'>to</span> <span class='ocrx_word' id='word_1_201' title='bbox 716 1645 830 1685; x_wconf 75' lang='lat' dir='ltr'>guard</span> <span class='ocrx_word' id='word_1_202' title='bbox 843 1645 953 1676; x_wconf 78' lang='lat' dir='ltr'>Rome.</span> 
     </span>
    </p>
   </div>
   <div class='ocr_carea' id='block_1_4' title="bbox 71 1741 1498 2181">
    <p class='ocr_par' dir='ltr' id='par_1_8' title="bbox 71 1741 1496 1921">
     <span class='ocr_line' id='line_1_25' title="bbox 71 1741 1444 1792; baseline 0 -12"><span class='ocrx_word' id='word_1_203' title='bbox 71 1754 92 1790; x_wconf 85' lang='lat'>3</span> <span class='ocrx_word' id='word_1_204' title='bbox 194 1744 274 1781; x_wconf 90' lang='lat' dir='ltr'>Res</span> <span class='ocrx_word' id='word_1_205' title='bbox 295 1743 345 1781; x_wconf 87' lang='lat' dir='ltr'>ad</span> <span class='ocrx_word' id='word_1_206' title='bbox 373 1743 581 1783; x_wconf 86' lang='lat' dir='ltr'>Camillum</span> <span class='ocrx_word' id='word_1_207' title='bbox 610 1742 808 1782; x_wconf 86' lang='lat' dir='ltr'>tribunum</span> <span class='ocrx_word' id='word_1_208' title='bbox 835 1743 1003 1781; x_wconf 89' lang='lat' dir='ltr'>militum</span> <span class='ocrx_word' id='word_1_209' title='bbox 1031 1741 1224 1782; x_wconf 86' lang='lat' dir='ltr'>consulari</span> <span class='ocrx_word' id='word_1_210' title='bbox 1250 1749 1444 1792; x_wconf 85' lang='lat' dir='ltr'>potestate</span> 
     </span>
     <span class='ocr_line' id='line_1_26' title="bbox 115 1805 1496 1857; baseline 0.001 -13"><span class='ocrx_word' id='word_1_211' title='bbox 115 1806 246 1854; x_wconf 80' lang='lat' dir='ltr'>rediit3</span> <span class='ocrx_word' id='word_1_212' title='bbox 276 1808 450 1857; x_wconf 86' lang='lat' dir='ltr'>collegae</span> <span class='ocrx_word' id='word_1_213' title='bbox 471 1806 595 1847; x_wconf 84' lang='lat' dir='ltr'>additi</span> <span class='ocrx_word' id='word_1_214' title='bbox 615 1808 800 1857; x_wconf 89' lang='lat' dir='ltr'>quinque,</span> <span class='ocrx_word' id='word_1_215' title='bbox 819 1810 895 1847; x_wconf 84' lang='lat' dir='ltr'>Ser.</span> <span class='ocrx_word' id='word_1_216' title='bbox 917 1807 1124 1846; x_wconf 89' lang='lat' dir='ltr'>Cornelius</span> <span class='ocrx_word' id='word_1_217' title='bbox 1145 1805 1442 1856; x_wconf 85' lang='lat' dir='ltr'>Maluginensis,</span> <span class='ocrx_word' id='word_1_218' title='bbox 1463 1827 1496 1853; x_wconf 82' lang='lat'>25</span> 
     </span>
     <span class='ocr_line' id='line_1_27' title="bbox 116 1871 1443 1921; baseline 0.001 -12"><span class='ocrx_word' id='word_1_219' title='bbox 116 1872 163 1919; x_wconf 82' lang='lat' dir='ltr'>Q.</span> <span class='ocrx_word' id='word_1_220' title='bbox 187 1871 371 1910; x_wconf 88' lang='lat' dir='ltr'>Servilius</span> <span class='ocrx_word' id='word_1_221' title='bbox 401 1873 571 1910; x_wconf 81' lang='lat' dir='ltr'>Fidenas</span> <span class='ocrx_word' id='word_1_222' title='bbox 599 1881 762 1920; x_wconf 82' lang='lat' dir='ltr'>sextum,</span> <span class='ocrx_word' id='word_1_223' title='bbox 789 1874 831 1910; x_wconf 92' lang='lat' dir='ltr'>L.</span> <span class='ocrx_word' id='word_1_224' title='bbox 863 1871 1074 1921; x_wconf 88' lang='lat' dir='ltr'>Quinctius</span> <span class='ocrx_word' id='word_1_225' title='bbox 1100 1871 1370 1918; x_wconf 85' lang='lat' dir='ltr'>Cincinnatus,</span> <span class='ocrx_word' id='word_1_226' title='bbox 1399 1872 1443 1910; x_wconf 89' lang='lat' dir='ltr'>L.</span> 
     </span>
    </p>

    <p class='ocr_par' dir='ltr' id='par_1_9' title="bbox 71 1935 1498 2181">
     <span class='ocr_line' id='line_1_28' title="bbox 71 1935 1446 1986; baseline 0.001 -13"><span class='ocrx_word' id='word_1_227' title='bbox 71 1948 94 1980; x_wconf 79' lang='lat'>4</span> <span class='ocrx_word' id='word_1_228' title='bbox 118 1936 304 1974; x_wconf 85' lang='lat' dir='ltr'>Horatius</span> <span class='ocrx_word' id='word_1_229' title='bbox 346 1936 544 1983; x_wconf 79' lang='lat' dir='ltr'>Pulvillus,</span> <span class='ocrx_word' id='word_1_230' title='bbox 587 1938 631 1975; x_wconf 91' lang='lat' dir='ltr'>P.</span> <span class='ocrx_word' id='word_1_231' title='bbox 669 1937 857 1975; x_wconf 86' lang='lat' dir='ltr'>Valerius.</span> <span class='ocrx_word' id='word_1_232' title='bbox 923 1936 1119 1986; x_wconf 87' lang='lat' dir='ltr'>principio</span> <span class='ocrx_word' id='word_1_233' title='bbox 1157 1935 1251 1975; x_wconf 82' lang='lat' dir='ltr'>anni</span> <span class='ocrx_word' id='word_1_234' title='bbox 1287 1948 1446 1974; x_wconf 86' lang='lat' dir='ltr'>aversae</span> 
     </span>
     <span class='ocr_line' id='line_1_29' title="bbox 115 1999 1447 2052; baseline 0 -14"><span class='ocrx_word' id='word_1_235' title='bbox 115 2014 229 2040; x_wconf 88' lang='lat' dir='ltr'>curae</span> <span class='ocrx_word' id='word_1_236' title='bbox 258 2001 464 2040; x_wconf 88' lang='lat' dir='ltr'>hominum</span> <span class='ocrx_word' id='word_1_237' title='bbox 495 2010 585 2040; x_wconf 88' lang='lat' dir='ltr'>sunt</span> <span class='ocrx_word' id='word_1_238' title='bbox 611 2015 635 2040; x_wconf 88' lang='lat' dir='ltr'>a</span> <span class='ocrx_word' id='word_1_239' title='bbox 665 2003 770 2041; x_wconf 90' lang='lat' dir='ltr'>bello</span> <span class='ocrx_word' id='word_1_240' title='bbox 798 2003 976 2049; x_wconf 87' lang='lat' dir='ltr'>Etrusco,</span> <span class='ocrx_word' id='word_1_241' title='bbox 1005 2002 1112 2052; x_wconf 88' lang='lat' dir='ltr'>quod</span> <span class='ocrx_word' id='word_1_242' title='bbox 1141 1999 1371 2052; x_wconf 85' lang='lat' dir='ltr'>fugientium</span> <span class='ocrx_word' id='word_1_243' title='bbox 1399 2013 1447 2039; x_wconf 85' lang='lat' dir='ltr'>ex</span> 
     </span>
     <span class='ocr_line' id='line_1_30' title="bbox 116 2063 1444 2117; baseline -0.001 -14"><span class='ocrx_word' id='word_1_244' title='bbox 116 2079 206 2115; x_wconf 89' lang='lat' dir='ltr'>agro</span> <span class='ocrx_word' id='word_1_245' title='bbox 241 2066 455 2115; x_wconf 88' lang='lat' dir='ltr'>Pomptino</span> <span class='ocrx_word' id='word_1_246' title='bbox 489 2079 631 2117; x_wconf 85' lang='lat' dir='ltr'>agmen</span> <span class='ocrx_word' id='word_1_247' title='bbox 670 2074 831 2115; x_wconf 89' lang='lat' dir='ltr'>repente</span> <span class='ocrx_word' id='word_1_248' title='bbox 864 2066 1014 2105; x_wconf 89' lang='lat' dir='ltr'>illatum</span> <span class='ocrx_word' id='word_1_249' title='bbox 1052 2066 1092 2104; x_wconf 91' lang='lat' dir='ltr'>in</span> <span class='ocrx_word' id='word_1_250' title='bbox 1131 2068 1268 2105; x_wconf 89' lang='lat' dir='ltr'>urbem</span> <span class='ocrx_word' id='word_1_251' title='bbox 1306 2063 1444 2111; x_wconf 80' lang='lat' dir='ltr'>attulit,</span> 
     </span>
     <span class='ocr_line' id='line_1_31' title="bbox 117 2130 1498 2181; baseline 0.001 -14"><span class='ocrx_word' id='word_1_252' title='bbox 117 2130 293 2169; x_wconf 85' lang='lat' dir='ltr'>Antiates</span> <span class='ocrx_word' id='word_1_253' title='bbox 323 2130 362 2168; x_wconf 88' lang='lat' dir='ltr'>in</span> <span class='ocrx_word' id='word_1_254' title='bbox 391 2131 506 2169; x_wconf 86' lang='lat' dir='ltr'>armis</span> <span class='ocrx_word' id='word_1_255' title='bbox 535 2144 621 2169; x_wconf 87' lang='lat' dir='ltr'>esse</span> <span class='ocrx_word' id='word_1_256' title='bbox 651 2131 961 2181; x_wconf 84' lang='lat' dir='ltr'>Latinorumque</span> <span class='ocrx_word' id='word_1_257' title='bbox 998 2132 1165 2181; x_wconf 90' lang='lat' dir='ltr'>populos</span> <span class='ocrx_word' id='word_1_258' title='bbox 1204 2130 1446 2169; x_wconf 88' lang='lat' dir='ltr'>iuventutem</span> <span class='ocrx_word' id='word_1_259' title='bbox 1463 2150 1498 2175; x_wconf 88' lang='lat'>30</span> 
     </span>
    </p>
   </div>
   <div class='ocr_carea' id='block_1_5' title="bbox 75 2194 1445 2307">
    <p class='ocr_par' dir='ltr' id='par_1_10' title="bbox 75 2194 1445 2307">
     <span class='ocr_line' id='line_1_32' title="bbox 75 2194 1445 2248; baseline 0.001 -18"><span class='ocrx_word' id='word_1_260' title='bbox 75 2210 94 2247; x_wconf 83' lang='lat'><strong>5</strong></span> <span class='ocrx_word' id='word_1_261' title='bbox 118 2208 226 2231; x_wconf 82' lang='lat' dir='ltr'>suam</span> <span class='ocrx_word' id='word_1_262' title='bbox 252 2195 404 2248; x_wconf 83' lang='lat' dir='ltr'>misisse</span> <span class='ocrx_word' id='word_1_263' title='bbox 430 2196 481 2233; x_wconf 86' lang='lat' dir='ltr'>ad</span> <span class='ocrx_word' id='word_1_264' title='bbox 510 2195 550 2233; x_wconf 91' lang='lat' dir='ltr'>id</span> <span class='ocrx_word' id='word_1_265' title='bbox 584 2197 744 2242; x_wconf 85' lang='lat' dir='ltr'>bellum,</span> <span class='ocrx_word' id='word_1_266' title='bbox 774 2209 820 2234; x_wconf 93' lang='lat' dir='ltr'>eo</span> <span class='ocrx_word' id='word_1_267' title='bbox 851 2197 1069 2234; x_wconf 89' lang='lat' dir='ltr'>abnuentes</span> <span class='ocrx_word' id='word_1_268' title='bbox 1098 2194 1300 2245; x_wconf 90' lang='lat' dir='ltr'>publicum</span> <span class='ocrx_word' id='word_1_269' title='bbox 1327 2194 1445 2232; x_wconf 83' lang='lat' dir='ltr'>fuisse</span> 
     </span>
     <span class='ocr_line' id='line_1_33' title="bbox 124 2256 1442 2307; baseline -0.001 -11"><span class='ocrx_word' id='word_1_270' title='bbox 124 2257 340 2304; x_wconf 87' lang='lat' dir='ltr'>consilium,</span> <span class='ocrx_word' id='word_1_271' title='bbox 376 2259 483 2306; x_wconf 86' lang='lat' dir='ltr'>quod</span> <span class='ocrx_word' id='word_1_272' title='bbox 523 2271 602 2295; x_wconf 89' lang='lat' dir='ltr'>non</span> <span class='ocrx_word' id='word_1_273' title='bbox 641 2258 858 2307; x_wconf 88' lang='lat' dir='ltr'>prohibitos</span> <span class='ocrx_word' id='word_1_274' title='bbox 899 2257 1170 2295; x_wconf 80' lang='lat' dir='ltr'>tantummodo</span> <span class='ocrx_word' id='word_1_275' title='bbox 1204 2256 1442 2295; x_wconf 86' lang='lat' dir='ltr'>voluntarios</span> 
     </span>
    </p>
   </div>
  </div>
 </body>
</html>
