1586 2460
80 461 96 487 ⁵

66 785 97 802 10

66 1112 95 1136 1⁵

65 1441 99 1459 20

65 1763 98 1787 25

66 2090 99 2115 3ο

629 83 816 119 LIBER
864 83 924 118 Vs.
1395 95 1412 131 3
1419 93 1438 132 5

115 184 291 234 captivos
318 173 526 222 ducturum
553 183 618 231 ait,
640 196 689 222 ne
716 191 843 233 patres
870 184 991 233 ignari
1018 183 1104 230 sint,
1126 185 1371 223 Tusculanos
1390 185 1441 223 ab

115 249 302 288 societate
328 249 522 288 descisse:
553 249 686 288 castris
715 249 977 299 exercituique
1008 249 1173 298 interim,
1196 249 1227 288 si
1253 249 1438 296 videatur,

116 313 257 364 praesit
306 314 467 363 collega.
526 315 766 352 documento
815 327 914 352 unus
962 313 1044 353 dies
1091 315 1225 361 fuerat,
1275 328 1324 353 ne
1371 327 1442 352 sua
1459 330 1493 366 3-

114 378 277 418 consilia
314 377 539 417 melioribus
570 380 801 428 praeferret3
842 392 915 418 nec
946 386 1078 417 tamen
1109 388 1175 417 aut
1205 379 1278 429 ipsi
1307 387 1372 417 aut
1402 379 1441 417 in

115 443 285 483 exercitu
322 443 506 493 cuiquam
545 443 636 482 satis
675 445 830 494 placato
877 443 1010 483 animo
1059 444 1249 483 Camillus
1298 445 1442 482 laturus

114 511 270 559 culpam
298 508 380 547 eius
407 509 621 555 videbatur,
643 522 721 558 qua
748 510 841 547 data
867 509 907 546 in
935 516 1014 546 tam
1035 509 1287 559 praecipitem
1308 522 1441 548 casum

114 586 173 613 res
195 572 354 623 publica
380 580 483 612 esset
499 587 508 622 3
539 580 577 611 et
597 586 687 611 cum
709 572 748 610 in
768 571 948 618 exercitu,
973 580 1055 611 tum
1085 575 1237 612 Rornae
1257 582 1442 612 constans
1460 591 1483 623 4

115 638 291 678 omnium
320 636 426 677 fama
453 646 546 686 erat,
569 651 657 676 cum
688 638 792 676 varia
820 639 974 676 fortuna
1001 637 1040 676 in
1068 638 1222 677 Volscis
1248 646 1357 689 gesta
1382 652 1441 678 res

114 711 226 750 esset,
265 704 452 741 adversae
490 715 646 753 pugnae
693 704 887 753 fugaeque
934 704 973 740 in
1022 704 1062 740 L.
1107 703 1224 741 Furio
1271 705 1439 754 culpam,

113 768 311 807 secundae
341 768 460 807 decus
487 781 603 806 omne
634 780 754 817 penes
783 769 840 806 Μ.
871 768 1029 806 Furium
1059 781 1152 806 esse.
1211 767 1481 819 introducti55

113 833 153 871 in
183 840 363 872 senatum
401 832 578 883 captivis,
608 846 698 870 cum
728 833 832 871 bello
867 833 1162 882 persequendos
1196 834 1440 871 Tusculanos

115 906 243 948 patres
269 898 513 937 censuissent
539 898 785 947 Camilloque
814 896 853 936 id
880 898 1026 935 bellum
1047 898 1312 945 mandassent,
1332 898 1442 937 adiu-

113 963 349 1003 toremxsibi
388 964 438 1001 ad
477 976 563 1002 eam
603 976 683 1001 rem
716 975 837 1000 unum
869 962 978 1012 petit,
1010 962 1292 1013 permissoque,
1322 970 1365 1002 ut
1396 977 1443 1002 ex

114 1029 274 1080 collegis
321 1037 485 1080 optaret,
526 1042 642 1079 quem
692 1029 817 1074 vellet,
857 1035 994 1066 contra
1031 1041 1143 1078 spem
1182 1028 1356 1067 omnium
1396 1031 1440 1068 L.

116 1095 275 1133 Furium
323 1094 482 1145 optavit,
522 1107 599 1144 qua
646 1093 916 1132 moderatione
962 1092 1080 1131 animi
1128 1108 1217 1132 cum
1265 1095 1441 1144 collegae
1460 1100 1484 1136 6

115 1160 256 1199 levavit
283 1159 495 1205 infamiam,
519 1167 602 1197 tum
630 1159 702 1197 sibi
729 1157 890 1208 gloriam
918 1158 1118 1207 ingentem
1150 1159 1308 1209 peperit.
1368 1173 1442 1198 nec

116 1225 187 1263 fuit
207 1238 297 1263 cum
317 1224 552 1263 'Iffisculanis
579 1225 752 1272 bellum3
782 1237 880 1273 pace
900 1224 1097 1262 constanti
1117 1224 1196 1262 vim
1217 1226 1439 1262 Romanam

115 1297 333 1337 arcuerunt,
373 1303 491 1340 quam
529 1288 644 1327 armis
692 1301 772 1326 non
820 1296 1011 1339 poterant.
1070 1288 1303 1327 intrantibus
1345 1289 1480 1340 fines7

118 1355 308 1395 Romanis
338 1368 420 1393 non
451 1353 707 1404 demigratum
725 1367 786 1408 ’ex
814 1353 1041 1404 propinquis
1070 1353 1195 1392 itineri
1224 1353 1330 1400 locis,
1361 1367 1441 1392 non

116 1421 242 1460 cultus
268 1433 447 1471 agrorum
478 1419 744 1467 intermissus5
774 1419 1000 1468 patentibus
1032 1419 1153 1469 porti-s
1185 1417 1290 1457 urbis
1321 1418 1442 1469 togati

116 1485 274 1525 obviam
311 1487 535 1535 frequentes
573 1484 872 1535 imperatoribus
910 1497 1161 1533 processere3
1201 1491 1441 1523 commeatus

116 1550 299 1590 exercitui
327 1549 491 1589 comiter
517 1548 557 1588 in
587 1557 711 1588 castra
742 1562 790 1588 ex
818 1549 913 1587 urbe
945 1556 983 1587 et
1014 1561 1062 1587 ex
1092 1547 1191 1598 agris
1226 1548 1439 1587 devehitur.

117 1615 317 1663 Camillus,
339 1614 473 1654 castris
499 1622 590 1654 ante
620 1622 751 1664 portas
780 1613 926 1664 positis,
950 1613 1140 1652 eademne
1169 1614 1294 1652 forma
1322 1613 1440 1664 pacis,
1461 1620 1484 1657 S

116 1693 218 1731 quae
248 1680 288 1718 in
318 1679 417 1730 agris
449 1686 715 1723 ostentaretur,
739 1678 855 1717 etiam
887 1677 986 1716 intra
1016 1677 1173 1716 moenia
1204 1685 1317 1725 esset,
1345 1677 1442 1717 scire

116 1744 290 1795 cupiens,
324 1745 517 1794 ingressus
550 1744 697 1790 urbem,
731 1742 796 1781 ubi
830 1749 1009 1792 patentes
1038 1741 1172 1780 ianuas
1202 1749 1241 1781 et
1271 1741 1440 1781 tabernis
1461 1759 1483 1794 9

115 1810 257 1859 apertis
277 1809 479 1859 proposita
505 1807 638 1847 omnia
663 1807 703 1845 in
730 1807 861 1846 medio
881 1806 988 1854 vidit,
1010 1806 1261 1857 intentosque
1282 1806 1441 1857 opifices

116 1888 188 1914 suo
213 1887 413 1924 quemque
439 1872 560 1923 operi,
582 1880 621 1912 et
647 1873 762 1911 ludos
782 1872 994 1911 litterarum
1015 1878 1184 1921 strepere
1205 1870 1440 1910 discentium

118 1940 288 1986 vocibus,
311 1952 357 1977 ac
381 1940 548 1989 repletas
575 1937 732 1977 semitas
758 1937 858 1976 inter
883 1938 1020 1987 vulgus
1046 1936 1152 1975 aliud
1173 1949 1381 1986 puerorum
1403 1945 1442 1975 et

116 2004 322 2044 mulierum
360 2004 438 2043 huc
466 2011 584 2054 atque
611 2003 705 2042 illuc
732 2002 920 2050 euntium,
952 2015 1028 2051 qua
1057 2015 1254 2052 quemque
1282 2015 1440 2041 suorum

116 2083 258 2109 usuum
284 2082 425 2107 causae
452 2069 603 2114 ferrent,
625 2067 722 2105 nihil
750 2080 914 2117 usquam
942 2080 1022 2105 non
1043 2065 1196 2117 pavidis
1216 2067 1350 2114 modo,
1371 2067 1440 2105 sed
1465 2085 1512 2110 10

116 2147 167 2174 ne
203 2133 432 2172 mirantibus
466 2132 627 2183 quidem
662 2132 800 2179 simile,
830 2131 1170 2182 circumspiciebat
1209 2130 1352 2178 omnia,
1383 2131 1440 2170 in-

116 2197 273 2248 quirens
300 2197 433 2244 oculis,
457 2198 618 2235 ubinam
643 2197 788 2236 bellurn
809 2196 969 2244 fuisset;
998 2197 1098 2235 adeo
1119 2209 1192 2234 nec
1211 2202 1367 2235 amotae
1388 2195 1440 2234 rei
1463 2212 1506 2237 11

117 2276 280 2313 usquam
300 2275 374 2301 nec
394 2263 549 2301 oblatae
569 2262 620 2300 ad
641 2269 795 2311 tempus
816 2261 1021 2310 vestigium
1043 2262 1162 2298 ullum
1187 2267 1277 2306 erat,
1299 2262 1369 2299 sed
1390 2262 1442 2300 ita
