1586 2460
631 58 818 96 LIBER
868 60 930 97 VJ.
1396 74 1440 109 37

117 163 245 196 tutum
271 150 497 195 censemus}
548 165 733 206 peccetur
760 157 798 195 in
825 171 905 204 νος,
927 159 1021 197 dum
1052 159 1159 209 digni
1189 160 1282 208 sitis,
1305 162 1445 209 quibus

114 220 170 261 ita
189 221 385 260 satisfiat.’'
442 229 595 260 tantum
617 224 694 261 fere
715 224 920 262 verborum
950 226 999 262 ab
1028 226 1260 264 Tusculanis
1287 228 1440 265 factum.
1464 229 1486 264 8

115 299 256 337 pacem
293 286 330 325 in
372 286 603 336 praesentia,
634 301 707 326 nec
742 287 796 326 ita
829 289 952 326 multo
982 295 1072 338 post
1101 288 1298 329 civitatem
1326 291 1443 330 etiam

116 353 427 401 impetraverunt.
487 352 537 391 ab
566 353 739 390 Tusculo
769 353 941 403 legiones
970 354 1165 392 reductae.

82 511 97 536 5
116 506 181 529 Bc.
217 499 287 538 380.
341 498 475 529 Censors
497 508 553 528 are
573 498 697 529 created
723 509 763 529 on
787 505 920 529 account
941 500 981 540 qs
1002 511 1021 530 a
1048 505 1166 540 ‘vagae
1187 511 1326 531 rumam·
1347 501 1443 532 about
1461 495 1519 538 27

198 552 282 583 dehts
294 552 313 582 '.
358 553 429 584 Bul
445 563 486 582 no
501 563 612 583 census
629 553 657 583 is
672 553 776 591 taken,
796 564 854 584 one
867 554 907 594 ο]
914 554 965 585 the
985 555 1196 595 ccmorsstrst
1211 555 1321 586 elected
1333 556 1441 596 &murga

198 606 269 638 and
280 607 332 637 the
346 607 470 638 elcclz'on
487 607 695 648 ostwofreslz
712 618 785 638 ones
801 607 930 648 having
942 608 1013 638 been
1030 609 1171 640 vitiatas.
1226 610 1442 640 Tribtmt'cian

198 661 384 702 agitations.
434 661 484 692 On
503 672 588 691 mws
606 661 647 702 of
653 671 728 691 war
736 661 830 702 from
856 662 1022 692 Praeneste
1042 662 1094 692 tlze
1113 663 1259 693 tribunes
1264 663 1383 705 forbid
1394 664 1445 695 tlte·

198 719 303 746 arrest
317 714 357 756 of
364 715 496 753 debtors,
516 715 586 745 aml
599 715 650 746 tlte
663 715 795 745 citizens
812 715 914 756 seyme
927 720 958 746 lo
972 726 1070 747 serve.

64 830 97 848 ιο
198 813 401 858 Camillus,
420 812 584 851 consilio
611 820 649 851 et
676 812 815 851 virtute
837 813 876 850 in
896 814 1044 852 Volsco
1064 815 1178 861 bello,
1199 814 1383 854 felicitate
1403 815 1442 855 in

112 877 337 914 Tusculana
353 875 615 926 expeditione,
633 877 839 926 utrobique
855 876 1037 926 singulari
1052 878 1236 917 adversus
1251 880 1442 929 collegam

112 939 300 990 patientia
338 947 376 978 et
410 940 681 979 moderatione
711 940 881 990 insignis,
913 941 1137 992 magistratu
1167 943 1273 990 abiit,
1305 944 1442 982 creatis
1463 957 1481 982 2

113 1004 276 1044 tribunis
297 1005 527 1044 militaribus
548 1004 588 1043 in
608 1005 880 1055 insequentem
907 1019 1053 1044 annum
1075 1008 1117 1045 L.
1141 1014 1179 1045 et
1201 1009 1240 1046 P.
1266 1008 1438 1057 Valeriis,

113 1070 236 1110 Lucio
283 1071 478 1122 quintum,
520 1072 659 1110 Publio
707 1071 873 1118 tertium,
914 1079 952 1110 et
1000 1072 1042 1111 C.
1094 1071 1226 1122 Sergio
1274 1073 1438 1121 tertium,

63 1152 93 1177 ¹⁵
113 1137 154 1174 L.
186 1136 377 1176 Menenio
403 1136 554 1185 iterum,
579 1139 620 1175 P.
652 1135 816 1186 Papirio,
839 1137 916 1175 Ser.
947 1137 1132 1175 Cornelio
1155 1138 1438 1188 Maluginense.

111 1201 533 1252 censoribus-quoque
563 1200 666 1252 eguit
695 1213 834 1247 annus,
866 1200 1034 1239 maxime
1067 1208 1225 1251 propter
1253 1201 1439 1241 incertam
1459 1217 1480 1252 3

110 1267 256 1304 famam
278 1266 376 1305 aeris
396 1265 524 1315 alieni,
541 1265 843 1316 aggravantibus
864 1279 1057 1304 summam
1079 1266 1196 1304 etiam
1212 1266 1440 1305 invidiosius

110 1330 274 1369 tribunis
312 1331 452 1381 plebis,
482 1344 574 1370 curn
612 1332 661 1370 ab
700 1331 746 1370 iis
783 1331 1008 1377 elevaretur,
1040 1330 1183 1379 quibus
1212 1331 1288 1369 fide
1318 1332 1440 1382 magis

109 1409 230 1446 quam
256 1397 412 1434 fortuna
437 1396 667 1435 debentium
695 1397 870 1434 laborare
897 1395 1087 1434 creditum
1113 1394 1234 1434 videri
1263 1396 1441 1446 expedie-

60 1475 93 1492 20
110 1458 186 1497 bat.
244 1459 360 1496 creati
383 1471 565 1497 censores
586 1459 629 1498 C.
652 1457 842 1508 Sulpicius
864 1457 1105 1504 Camerinus,
1128 1459 1190 1508 Sp.
1216 1459 1439 1497 Postumius
1458 1470 1482 1504 4

111 1523 356 1574 Regillensis,
387 1532 606 1574 coeptaque
645 1524 722 1562 iarn
761 1537 820 1562 res
850 1532 975 1562 morte
1009 1523 1212 1571 Postumii,
1243 1523 1333 1573 quia
1361 1526 1439 1562 col·

87 1589 236 1638 ,legam
274 1588 398 1627 suffici
436 1589 589 1628 censori
627 1588 760 1638 religio
794 1596 885 1635 erat,
918 1588 1162 1638 interpellata
1199 1596 1267 1627 est.
1326 1588 1439 1639 igitur
1458 1599 1478 1638 5

109 1665 201 1692 cum
229 1653 422 1704 Sulpicius
450 1652 671 1691 abdicasset
701 1665 742 1691 se
773 1652 1011 1702 magistram,
1038 1665 1219 1690 censores
1250 1652 1315 1690 alii
1345 1653 1438 1691 vitio

109 1717 228 1757 creati
257 1731 337 1756 non
368 1725 570 1768 gesserunt
599 1718 867 1768 magistratum
881 1732 892 1766 3
921 1717 1055 1756 tertios
1084 1716 1217 1765 creari,
1246 1718 1350 1756 velut
1379 1717 1438 1756 dis

58 1801 91 1826 ος
110 1776 190 1821 nori
210 1782 492 1833 accipientibus
519 1782 560 1821 in
586 1796 674 1821 eum
704 1795 851 1820 annum
871 1794 1090 1828 censuram,
1111 1780 1334 1830 religiosum
1354 1781 1432 1819 fuit.

77 1877 80 1881 ,
109 1859 198 1885 eam
223 1860 316 1886 vero
342 1847 650 1886 ludificationem
677 1846 802 1897 plebis
824 1845 968 1884 tribuni
995 1846 1194 1884 ferendam
1216 1846 1436 1895 negabant:
1456 1849 1478 1885 6

109 1913 241 1962 sugere
261 1920 440 1950 senatum
461 1918 579 1950 testes
600 1912 751 1950 tabulas
772 1910 948 1960 publicas
968 1922 1108 1949 census
1128 1909 1326 1959 cuiusque,
1347 1910 1439 1960 quia

108 1977 235 2016 nolint
263 1977 441 2026 conspici
479 1990 671 2016 summam
710 1976 809 2015 aeris
837 1976 966 2023 alieni,
998 1988 1099 2025 quae
1132 1974 1350 2013 indicatura
1378 1975 1437 2022 sit,

109 2043 328 2082 demersam
356 2048 505 2092 partem
532 2055 556 2080 a
581 2049 691 2092 parte
717 2040 895 2088 civitatis,
917 2053 1007 2078 cum
1033 2038 1186 2078 interim
1213 2039 1437 2078 obaeratam

58 2129 93 2154 30
109 2109 267 2158 plebem
286 2106 474 2159 obiectari
495 2106 578 2144 aliis
598 2115 717 2156 atque
736 2105 819 2144 aliis
840 2105 1030 2144 hostibus,
1088 2104 1233 2155 passim
1255 2103 1331 2142 iarn
1352 2103 1437 2143 sine
1456 2115 1476 2152 7

107 2173 188 2211 ullo
214 2171 436 2210 discrimine
463 2172 566 2210 bella
591 2170 747 2220 quaeri:
776 2171 826 2209 ab
853 2170 973 2208 Antio
994 2169 1198 2216 Satricum,
1219 2169 1269 2207 ab
1289 2168 1437 2206 Satrico

108 2236 290 2281 Velitras,
311 2236 403 2279 inde
424 2237 640 2276 Tusculum
670 2236 842 2284 legiones
863 2235 1025 2284 ductasj,
1056 2233 1215 2279 Latinis,
1240 2232 1434 2283 Hernicis,
