1586 2460
642 69 828 106 LJBER
877 70 939 106 17.
1411 84 1454 120 19

131 168 322 219 pecuniae
356 182 445 207 cum
481 168 572 209 duci
606 171 777 220 vidisset,
811 172 942 212 medio
971 173 1053 211 soro
1082 187 1170 212 cum
1201 181 1355 212 caterva
1387 188 1456 213 sua

131 233 298 272 accurrit
313 242 351 272 et
367 247 527 273 manum
545 236 688 285 iniecit,
705 237 1014 288 vociferatusque
1034 239 1083 277 de
1104 239 1282 288 superbia
1302 247 1455 289 patrum

131 311 178 337 ac
203 298 434 338 crudelitate
461 302 720 341 feneratorum
743 311 780 342 et
803 304 965 342 miseriis
987 304 1124 353 plebis,
1146 304 1353 343 virtutibus
1373 304 1454 343 eius

130 362 200 402 viri
225 363 472 414 fortunaque,
504 369 622 404 “tum
651 381 742 406 vero
769 381 843 418 ego
856 369 874 384 '’
903 369 1029 418 inquit
1057 368 1354 418 “nequicquam
1382 369 1455 406 hac
1473 387 1497 420 4

99 428 266 472 5dextra
304 428 544 478 Capitolium
584 445 791 482 arcemque
831 434 1073 479 servaverim,
1113 433 1143 470 si
1183 433 1305 471 civem
1352 446 1455 471 corn-

131 492 428 543 militonemque
456 508 598 543 meum,
628 505 815 546 tanquam
845 497 968 535 Gallis
994 497 1203 535 victoribus
1223 504 1392 546 captum,
1415 496 1453 534 in

131 557 355 597 servitutem
393 572 440 597 ac
477 559 604 598 vincla
643 562 733 599 duci
773 561 962 599 videam.”
1021 561 1113 599 inde
1152 574 1233 599 rem
1273 560 1492 614 creditori5

129 623 259 672 palam
279 625 427 673 populo
448 624 572 672 solvit,
591 626 765 675 libraque
786 635 824 664 et
846 638 934 664 aere
955 626 1160 663 liberatum
1182 624 1335 672 emittit,
1357 625 1452 663 deos

128 695 248 737 atque
276 689 456 728 homines
486 691 760 737 obtestantem,
792 698 832 728 ut
866 692 918 728 M.
953 690 1116 734 Manlio,
1145 690 1341 728 liberatori
1367 703 1450 737 suo,

83 771 114 788 ιο
129 752 280 801 parenti
317 752 444 803 plebis
483 755 700 801 Romanae,
736 756 898 804 gratiam
937 756 1112 793 referant.
1171 762 1356 804 acceptus
1394 768 1449 792 ex—
1471 764 1493 800 6

129 818 276 866 templo
301 817 342 855 in
367 819 648 856 tumultuosam
676 819 828 857 turbam
856 827 893 857 et
921 820 1004 868 ipse
1034 819 1244 856 tumultum
1274 818 1450 868 augebat,

129 881 329 922 cicatrices
355 891 536 934 acceptas
564 884 732 931 Veienti,
761 884 914 923 Gallico
940 884 1102 933 aliisque
1129 883 1315 932 deinceps
1341 883 1451 921 bellis

129 955 354 988 ostentans:
384 961 425 987 se
453 948 696 996 militantem,
725 962 766 987 se
794 948 1065 987 restituentem
1094 961 1246 987 eversos
1277 955 1449 998 penates,
1472 966 1491 1003 7

131 1013 338 1063 multiplici
367 1012 446 1051 iam
474 1021 577 1052 sorte
607 1015 793 1061 exsoluta,
826 1013 1091 1063 mergentibus
1121 1026 1274 1062 semper
1307 1021 1450 1051 sortem

81 1095 112 1119 τε
129 1079 264 1125 usuris,
293 1079 476 1116 obrutum
506 1080 640 1117 fenore
670 1091 778 1127 esse3
809 1078 941 1116 videre
970 1079 1110 1124 lucem,
1142 1079 1279 1124 forum,
1308 1077 1449 1115 civium

129 1154 198 1180 ora
219 1143 274 1180 M.
300 1141 439 1179 Manlii
459 1155 600 1192 opera;
630 1142 761 1180 omnia
782 1142 1003 1192 parentium
1025 1141 1216 1180 beneficia
1241 1143 1290 1180 ab
1317 1141 1383 1179 illo
1409 1153 1450 1178 se
1469 1149 1492 1185 8

128 1207 272 1246 habere
285 1222 296 1255 3
334 1208 387 1245 il-li
413 1208 606 1246 devovere
633 1207 807 1257 corporis
831 1207 1011 1256 vitaeque
1038 1220 1084 1245 ac
1113 1206 1312 1256 sanguinis
1341 1210 1447 1257 quod

129 1271 294 1321 supersit
307 1287 318 1320 ς
346 1273 614 1322 quodcunque
635 1272 707 1310 sibi
728 1285 816 1310 cum
838 1271 971 1321 patria,
993 1271 1200 1321 penatibus
1219 1272 1385 1320 publicis
1406 1285 1450 1310 ac

128 1337 286 1387 privatis
312 1337 403 1376 iuris
428 1339 552 1384 fuerit,
574 1338 613 1375 id
641 1351 731 1375 cum
758 1350 839 1376 uno
866 1336 1026 1375 homine
1053 1349 1148 1375 esse.
1205 1335 1263 1374 his
1291 1336 1450 1374 vocibus
1470 1352 1493 1387 9

79 1423 112 1440 20
128 1402 314 1441 instincta
342 1403 477 1452 plebes
506 1415 596 1440 cum
626 1402 702 1439 iam
730 1402 844 1440 unius
872 1401 1042 1439 hominis
1071 1408 1183 1447 esset,
1214 1400 1349 1438 addita
1376 1401 1450 1438 alia

128 1467 406 1517 comrnodioris
435 1468 484 1505 ad
514 1468 648 1505 omnia
677 1466 868 1504 turbanda
897 1465 1049 1504 consilii
1084 1478 1152 1503 res.
1213 1465 1376 1503 fundum
1410 1465 1450 1502 in
1474 1482 1520 1506 10

130 1531 296 1580 Veienti,
337 1539 454 1582 caput
491 1530 727 1581 patrimonii,
768 1530 932 1568 subiecit
971 1529 1167 1578 praeconi,
1209 1532 1296 1568 “ne
1334 1542 1450 1579 quem

126 1604 296 1634 vestrum
311 1597 331 1614 ’'
365 1594 504 1644 inquit,
541 1598 563 1617 “
578 1595 760 1645 Quirites,
802 1596 929 1633 donec
968 1594 1179 1644 quicquam
1212 1593 1252 1631 in
1290 1606 1331 1632 re
1363 1607 1453 1632 mea

129 1662 328 1710 supererit,
356 1659 570 1698 iudicatum
601 1659 854 1697 addictumve
883 1658 974 1697 duci
1002 1657 1159 1708 patiar.''
1214 1657 1255 1696 id
1283 1671 1373 1696 vero
1400 1658 1453 1696 ita

78 1743 110 1768 25
128 1726 309 1764 accendit
328 1725 491 1772 animos,
508 1732 550 1762 ut
570 1737 638 1774 per
658 1736 776 1762 omne
797 1724 853 1762 fas
874 1736 921 1761 ac
940 1724 1049 1761 nefas
1071 1722 1235 1760 secuturi
1257 1721 1450 1762 vindicem

127 1790 314 1828 libertatis
334 1788 566 1827 viderentur.
624 1789 675 1826 ad
695 1788 771 1826 hoc
790 1788 909 1834 dorni,
932 1786 1197 1825 contionantis
1216 1785 1256 1824 in
1276 1787 1449 1834 modum,
1474 1805 1516 1831 11

127 1867 328 1893 sermones
366 1853 471 1903 pleni
516 1852 722 1890 criminum
769 1851 808 1890 in
848 1859 1001 1901 patres,
1040 1851 1139 1889 inter
1175 1863 1286 1900 quos,
1327 1848 1451 1904 [cum]

127 1918 274 1958 omisso
299 1917 535 1963 discrimine,
568 1930 657 1955 vera
683 1930 733 1954 an
761 1929 863 1954 vana
892 1916 1046 1962 iaceret,
1079 1916 1282 1954 thesauros
1312 1915 1452 1954 Gallici

126 1983 210 2023 auri
229 1983 414 2023 occultari
441 1996 464 2021 a
491 1983 665 2032 patribus
692 1981 793 2029 iecit,
815 1994 888 2020 nec
918 1982 994 2019 iam
1016 1980 1267 2031 possidendis
1287 1980 1453 2030 publicis

78 2050 228 2102 aoagris
247 2056 457 2088 contentos
477 2060 572 2094 esse,
596 2046 667 2085 nisi
689 2046 896 2096 pecuniam
924 2058 1084 2096 quoque
1110 2045 1307 2095 publicam
1333 2052 1453 2083 avert-

68 2152 74 2156 ,
126 2121 194 2153 ant
207 2128 218 2162 3
247 2126 294 2152 ea
319 2125 379 2152 res
406 2112 438 2150 si
452 2113 582 2162 palam
609 2112 686 2158 fiat,
707 2109 854 2149 exsolvi
881 2111 1038 2160 plebem
1065 2121 1152 2148 aere
1172 2108 1302 2147 alieno
1322 2121 1448 2158 posse.

127 2191 228 2229 quae
248 2177 315 2216 ubi
335 2176 491 2216 obiecta
511 2189 600 2226 spes
621 2182 690 2223 est,
712 2174 912 2214 enimvero
933 2174 1136 2224 indignum
1153 2173 1304 2211 facinus
1318 2172 1450 2218 videri,
1477 2190 1519 2214 12

127 2255 218 2282 cum
237 2242 520 2280 conferendum
541 2241 592 2278 ad
612 2239 881 2279 redimendam
901 2238 1097 2276 civitatem
1118 2251 1141 2276 a
1168 2237 1295 2276 Gallis
1315 2250 1451 2276 aurum
