1586 2460
129 78 146 100 2
707 63 865 99 LlVll

83 169 104 205 6
128 179 205 203 non
237 163 406 214 placuit,
444 176 503 202 res
533 164 582 201 ad
613 163 875 213 interregnum
911 164 1033 202 rediit.
1112 177 1200 201 curn
1235 163 1370 201 civitas
1403 163 1443 201 in

126 242 245 279 opere
270 242 316 266 ac
343 229 476 266 labore
502 228 661 267 assiduo
682 227 914 267 reficiendae
937 228 1040 266 urbis
1062 234 1267 273 teneretur,
1290 227 1443 266 interim

126 296 172 342 Q.
208 292 338 338 Fabio,
371 291 485 330 simul
517 292 685 340 primum
716 292 940 341 magistratu
969 290 1074 337 abiit,
1106 292 1156 330 ab
1186 292 1258 331 Cn.
1293 291 1444 330 Marcio

122 359 278 396 tribuno
312 356 437 406 plebis
470 357 576 394 dicta
609 356 692 395 dies
726 365 795 404 est,
827 357 935 405 quod
969 357 1118 407 legatus
1147 357 1185 394 in
1217 358 1363 404 Gallos,
1393 357 1444 394 ad

77 436 96 472 7
116 434 214 471 quos
234 421 374 459 missus
401 429 482 459 erat
510 428 651 467 orator,
674 429 812 460 contra
838 421 895 460 ius
921 421 1098 472 gentium
1118 429 1353 471 pugnasset3
1383 421 1480 479 cuifs

117 486 262 525 iudicio
291 499 382 525 eum
414 498 518 523 mors
550 487 651 524 adeo
683 494 919 537 opportuna,
941 493 984 524 ut
1015 486 1272 524 voluntariam
1306 484 1456 537 magnai

118 564 205 601 pars
225 552 411 597 crederet,
434 549 634 588 subtraxit.

120 725 186 749 ΚΟ.
220 718 292 757 389.
339 716 437 758 After
456 726 516 747 one
543 716 774 757 interregnum,
812 717 973 748 Camillus
1000 727 1036 747 as
1061 717 1200 748 interrex
1220 721 1375 757 procures
1400 715 1453 747 tlte

203 773 332 802 electz'on
347 772 387 812 os
396 771 546 812 militam
560 772 718 810 tribunes,
737 772 789 802 six
810 772 847 802 z'n
869 772 1012 804 number.
1062 772 1252 814 vaiving
1267 771 1452 803 documents

204 838 261 858 are
275 827 417 858 collected
425 827 497 857 and
509 827 630 857 certain
647 827 735 866 days,
749 826 886 858 marked
894 827 933 867 by
944 827 1091 866 disaster,
1104 838 1161 858 are
1172 827 1325 858 included
1333 837 1456 867 among
1473 844 1504 860 10

205 881 274 912 dies
297 880 425 912 nefasti.
476 881 543 912 The
572 881 734 911 Volscians
757 881 829 911 ana'
848 882 1034 912 Etruscam
1057 881 1129 912 take
1148 882 1331 922 advantage
1349 881 1389 922 os
1402 881 1454 912 tlte

205 935 370 966 condition
393 935 434 975 of
446 935 548 966 Rome
566 939 596 966 lo
618 935 706 975 begin
727 946 810 965 war.
862 935 928 967 Tlte
948 935 1069 966 Latius
1091 936 1162 966 and
1179 936 1368 967 Hernicans
1386 933 1454 966 also

206 990 348 1020 threaten
364 993 394 1020 to
410 989 499 1020 rebel.
553 989 714 1020 Camillus
735 990 855 1020 named
872 990 1012 1021 dictator
1030 989 1152 1021 tlz'rsz'des
1171 989 1225 1021 tlte
1238 1000 1333 1031 army
1348 989 1457 1020 raised

207 1045 275 1075 into
291 1045 379 1076 three
394 1044 565 1075 divis-iens.
608 1045 661 1075 He
677 1044 815 1086 himself
821 1044 907 1075 takes
919 1045 971 1075 tlte
973 1045 1062 1086 field
1073 1044 1206 1086 against
1219 1045 1271 1076 tlte
1292 1045 1455 1076 Volscians

206 1099 278 1130 ancl
290 1098 469 1140 Aequians,
488 1099 561 1129 and
571 1098 687 1140 ‹lestats
702 1099 782 1131 botlz.
1475 1112 1506 1135 15

81 1205 103 1241 8
207 1201 479 1248 Interregnum
513 1199 677 1248 initum,
717 1201 759 1237 P.
798 1199 1006 1239 Cornelius
1040 1199 1174 1249 Scipio
1207 1198 1383 1247 interrex,
1416 1206 1455 1238 et

124 1271 212 1313 post
241 1277 331 1302 eum
363 1265 419 1301 M.
452 1264 589 1302 Furius
626 1265 826 1303 Camillus
885 1265 917 1303 is
952 1265 1129 1304 tribunos
1164 1265 1331 1303 militum
1365 1278 1456 1303 con-

124 1328 240 1367 sulari
274 1336 470 1379 potestate
504 1337 609 1368 creat
640 1331 682 1367 L.
716 1330 917 1368 Valerium
948 1330 1194 1369 Publicolam
1222 1331 1373 1376 iterum,
1411 1331 1451 1368 L.

125 1393 364 1444 Verginium,
400 1396 440 1432 P.
473 1394 714 1442 Cornelium,
748 1397 793 1434 A.
828 1395 1033 1443 Manlium,
1067 1397 1110 1433 L.
1148 1394 1374 1443 Aemilium,
1411 1396 1456 1433 L.

128 1457 385 1498 Postumium.
1475 1479 1509 1496 ω

85 1541 107 1576 9
208 1523 265 1561 Hi
299 1537 347 1562 ex
377 1522 599 1575 interregno
630 1538 719 1564 cum
753 1527 950 1576 extemplo
982 1524 1251 1576 magistratum
1281 1523 1456 1572 inissent,

126 1589 232 1626 nulla
252 1589 302 1627 de
322 1601 362 1627 re
388 1588 493 1638 prius
519 1602 636 1639 quam
665 1590 715 1628 de
741 1590 992 1640 religionibus
1013 1597 1191 1629 senatum
1212 1591 1457 1629 consuluere.

63 1652 166 1691 roin
204 1652 337 1702 primis
370 1654 530 1692 foedera
567 1667 613 1692 ac
651 1655 756 1704 leges
796 1653 924 1706 (erant
960 1661 1093 1693 autem
1138 1666 1208 1692 eae
1246 1653 1461 1696 duodecim,

128 1719 282 1756 tabulae
320 1725 358 1756 et
394 1719 589 1767 quaedam
623 1720 752 1770 regiae
785 1710 907 1771 leges)
938 1719 1127 1770 conquiri,
1158 1732 1261 1770 quae
1298 1732 1457 1768 compa-

127 1790 266 1829 rerent,
297 1782 514 1831 iusserunt;
542 1783 619 1838 alia
649 1798 698 1824 ex
727 1784 782 1824 eis
813 1785 920 1824 edita
950 1785 1068 1823 etiam
1098 1783 1139 1822 in
1169 1784 1330 1834 vulgus;
1358 1795 1460 1833 quae
1477 1800 1509 1825 25

127 1854 260 1886 autem
307 1848 358 1886 ad
397 1861 505 1886 sacra
542 1849 805 1898 pertinebant,
845 1863 868 1887 a
906 1849 1159 1899 pontificibus
1197 1847 1378 1895 maxime,
1417 1855 1459 1886 ut

129 1911 316 1961 religione
363 1913 573 1952 obstrictos
620 1914 812 1953 haberent
859 1913 1122 1953 multitudinis
1167 1912 1333 1961 animos,
1373 1925 1462 1962 sup-

65 1993 106 2017 11
131 1989 274 2024 pressa.
332 1985 417 2015 tum
443 1978 493 2016 de
520 1978 660 2017 diebus
686 1977 875 2029 religiosis
901 1976 1036 2028 agitari
1055 1985 1254 2027 coeptum,
1275 1976 1461 2026 diemque

129 2053 161 2078 a.
194 2041 231 2078 d.
264 2054 312 2078 xv
343 2042 432 2079 Kal.
455 2043 630 2089 Sextiles,
653 2042 801 2092 duplici
832 2043 945 2082 clade
975 2042 1182 2093 insignem,
1203 2053 1284 2091 quo
1315 2040 1380 2080 die
1410 2040 1481 2082 adl

132 2105 356 2144 Cremeram
396 2106 506 2144 Fabii
544 2107 660 2155 caesi,
691 2121 772 2158 quo
806 2107 950 2146 deinde
984 2108 1034 2145 ad
1064 2106 1193 2144 Aliam
1223 2118 1313 2144 cum
1342 2103 1461 2143 exitio
1481 2121 1515 2144 ³0

131 2167 234 2205 urbis
264 2170 379 2207 foede
410 2178 640 2220 pugnatum,
663 2184 686 2208 a
717 2171 930 2221 posteriore
958 2171 1071 2210 clade
1097 2170 1298 2209 Aliensem
1328 2169 1462 2219 appel-

133 2233 271 2277 larunt,
291 2232 562 2284 insignemque
593 2235 647 2273 rei
680 2236 775 2273 nulli
806 2237 963 2285 publice
995 2235 1255 2286 privatimque
1285 2233 1487 2284 agendae!
