1586 2460
155 78 204 113 30
741 64 806 100 ι]
815 64 899 100 Vll

154 166 350 205 cunctatio
377 167 528 204 colonis
556 165 726 215 spatium
754 167 917 204 dederat
944 166 1183 214 deprecandi
1211 174 1412 214 senatum3
1441 174 1480 204 et

155 245 295 281 magna
338 230 542 269 hominum
586 244 676 280 pars
720 243 781 276 eo,
827 238 870 268 ut
913 230 1056 280 legatio
1101 232 1264 281 supplex
1310 232 1480 269 Romam

116 311 133 346 7
155 297 379 342 mitteretur,
409 296 633 343 inclinabat,
663 296 702 334 ni
732 295 895 345 privato,
923 304 964 334 ut
994 297 1048 344 fit,
1076 295 1249 346 periculo
1278 295 1479 346 publicum

154 360 384 410 implicitum
405 368 506 399 esset
526 368 784 409 auctoresque
806 360 1038 399 defectionis
1063 361 1113 400 ab
1141 361 1334 399 Romanis
1359 367 1480 408 metu,

154 438 203 463 ne
223 425 294 463 soli
314 424 465 462 crimini
487 425 651 463 subiecti
671 425 826 474 piacula
845 425 924 463 irae
942 427 1213 464 Romanorum
1231 427 1479 472 dederentur,
1498 445 1513 468 5

113 489 381 533 Savertissent
419 489 595 528 colonias
633 503 656 527 a
694 489 868 528 consiliis
906 489 1024 539 pacis.
1095 502 1226 540 neque
1263 490 1305 528 in
1342 498 1480 529 senatu
1536 530 1539 533 ,

152 555 279 592 solum
301 566 370 603 per
393 567 460 592 eos
487 553 630 603 legatio
658 553 849 603 impedita
875 561 944 601 est,
973 555 1042 592 sed
1070 567 1214 604 magna
1240 567 1328 604 pars
1355 553 1480 603 plebis

152 618 321 664 incitata,
355 625 397 656 ut
427 619 657 668 praedatum
683 618 724 656 in
751 632 884 669 agrum
914 621 1141 657 Romanum
1168 618 1325 658 exirent.
1382 620 1480 658 haec

112 696 133 731 9
153 697 256 730 nova
274 683 413 721 iniuria
433 683 652 722 exturbavit
679 696 839 722 omnem
867 697 978 734 spem
1007 684 1126 734 pacis.
1186 685 1236 723 de
1263 683 1479 723 Praenesti·

152 761 290 786 norum
321 761 479 797 quoque
508 748 732 786 defectione
761 761 809 786 eo
843 761 947 786 anno
982 748 1151 798 primum
1185 749 1290 786 fama
1323 755 1534 796 exorta310

151 813 481 863 arguentibusque
519 826 587 852 eos
626 813 859 851 Tusculanis
898 821 936 852 et
975 814 1140 852 Gabinis
1179 821 1218 852 et
1261 813 1479 860 Lavicanis,

151 891 315 927 quorum
355 878 394 916 in
433 879 531 916 fines
568 878 808 916 incursatum
847 886 940 925 erat,
980 877 1034 916 ita
1072 877 1224 927 placide
1257 879 1308 916 ab
1342 886 1480 917 senatu

151 956 382 992 responsum
411 951 481 989 est,
509 950 552 981 ut
578 944 707 981 minus
734 943 841 981 credi
868 943 918 981 de
944 942 1182 991 criminibus,
1211 943 1303 994 quia
1329 945 1480 982 nollent

151 1021 197 1045 ea
226 1021 315 1046 vera
346 1021 441 1055 esse,
472 1016 689 1058 appareret.

75 1149 133 1192 22
155 1161 218 1183 ss.c.
237 1156 308 1193 382.
362 1153 394 1182 T
389 1163 437 1182 wo
457 1152 498 1192 of
510 1153 562 1184 llze
581 1153 637 1184 sz'x
653 1153 803 1193 militas-y
823 1154 966 1184 tribunes
986 1154 1026 1195 (ff
1040 1154 1106 1184 tlcis
1122 1164 1207 1194 year
1225 1153 1300 1184 lead
1316 1164 1362 1185 an
1386 1164 1482 1193 army
1502 1168 1510 1183 ι
1516 1166 1530 1189 5

237 1208 370 1247 agnini!
399 1207 543 1238 Velilrae.
596 1208 628 1238 Τ
623 1208 661 1238 lle
688 1208 844 1239 Vdimni
863 1209 996 1239 assislffll
1014 1208 1052 1248 by
1066 1218 1087 1238 a
1098 1208 1190 1249 force
1207 1209 1248 1250 of
1258 1208 1481 1239 Praetu-slim&

235 1262 489 1302 ousmmlbm'ng·
501 1263 589 1293 their
603 1273 674 1292 own
691 1273 747 1293 are
767 1263 913 1303 defeated.
971 1263 1052 1293 lVar
1072 1262 1101 1293 z's
1121 1262 1267 1293 declared
1283 1262 1415 1303 against
1429 1261 1482 1293 tlte

234 1316 467 1354 Praenestinas,
495 1317 566 1347 ‘wlto
597 1317 633 1347 in
656 1317 708 1347 tlte
728 1317 905 1358 solloztting
923 1328 1005 1357 year
1035 1317 1071 1348 z'n
1094 1317 1301 1358 conjunction
1323 1316 1406 1347 with
1429 1316 1483 1348 tlte

243 1370 404 1400 Vola-iaus
419 1375 549 1411 capture
563 1370 742 1408 Satricum,
763 1371 835 1401 ancl
845 1371 967 1410 cruelly
984 1370 1120 1401 ill-treat
1134 1371 1186 1401 tlte
1199 1370 1411 1401 inhabitants.

232 1466 461 1515 Insequenti
490 1480 595 1504 anno
619 1468 682 1516 Sp.
712 1474 751 1505 et
778 1468 820 1504 L.
852 1466 996 1516 Papirii
1021 1466 1112 1504 novi
1138 1466 1283 1504 tribuni
1311 1465 1479 1504 militum
1499 1491 1532 1507 20

149 1530 344 1567 consulari
378 1537 572 1579 potestate
601 1530 769 1569 Velitras
801 1531 976 1580 legiones
1005 1531 1163 1578 duxere,
1193 1538 1377 1580 quattuor
1404 1532 1480 1569 col-

149 1594 255 1642 legis,
291 1595 368 1633 Ser.
407 1595 592 1634 Cornelio
625 1595 890 1646 Maluginensi
924 1595 1093 1643 tertium,
1129 1597 1178 1645 Q.
1220 1595 1394 1640 Servilio,
1433 1597 1478 1636 C.

155 1658 337 1709 Sulpicio,
360 1660 402 1696 L.
426 1657 593 1696 Aemilio
621 1665 801 1707 quartum
829 1657 1005 1705 tribunis,
1027 1659 1078 1696 ad
1103 1657 1340 1708 praesidium
1367 1660 1472 1699 urbis

149 1730 186 1758 et
215 1721 245 1758 si
276 1721 342 1770 qui
372 1735 418 1759 ex
447 1722 601 1760 Etruria
626 1721 718 1760 novi
745 1729 874 1761 motus
903 1721 1172 1760 nuntiarentur
1199 1720 1350 1773 (omnia
1374 1721 1479 1759 enim

111 1803 128 1825 2
149 1785 240 1824 inde
261 1794 442 1835 suspecta
468 1786 606 1839 erant),
628 1786 780 1825 relictis.
840 1787 905 1825 Ad
931 1786 1098 1825 Velitras
1122 1787 1308 1825 adversus
1334 1785 1482 1824 maiora
1498 1806 1530 1830 25

150 1863 275 1899 paene
323 1851 464 1889 auxilia
511 1850 853 1891 Praenestinorum
901 1864 1020 1901 quam
1068 1851 1194 1901 ipsam
1246 1852 1479 1890 colonorum

150 1915 440 1954 multitudinem
461 1917 636 1954 secundo
657 1916 808 1966 proelio
835 1923 1052 1966 pugnatum
1077 1924 1136 1954 est
1163 1915 1226 1966 ita,
1255 1923 1298 1954 ut
1324 1915 1479 1966 propin-

150 1979 276 2028 quitas
310 1980 416 2018 urbis
450 1979 552 2019 hosti
586 1988 624 2018 et
658 1993 776 2019 causa
810 1980 1027 2019 maturioris
1061 1981 1175 2030 fugae
1210 1988 1248 2018 et
1282 1993 1404 2018 unum
1433 1993 1480 2019 ex

109 2061 129 2094 3
150 2044 238 2093 suga
285 2046 576 2094 receptaculum
624 2053 736 2083 esset.
814 2044 953 2095 oppidi
996 2044 1293 2094 oppugnatione
1336 2043 1479 2083 tribuni

150 2109 382 2155 abstinuere,
414 2109 503 2159 quia
535 2117 572 2148 et
602 2123 749 2159 anceps
778 2117 859 2148 erat
888 2123 962 2148 nec
991 2109 1030 2147 in
1061 2109 1272 2159 perniciem
1300 2110 1479 2149 coloniae
1497 2128 1530 2152 30
1562 2126 1565 2130 ·

151 2174 408 2221 pugnandum
437 2174 660 2212 censebant.
720 2175 869 2212 litterae
899 2176 1071 2212 Romam
1101 2175 1151 2213 ad
1181 2182 1360 2213 senatum
1386 2187 1478 2212 curn

151 2235 332 2275 victoriae
359 2238 505 2276 nuntiis
533 2238 700 2276 acriores
726 2237 765 2276 in
794 2239 1092 2278 Praenestinum
1119 2252 1235 2288 quarn
1256 2239 1296 2277 in
1317 2238 1478 2278 Veliter-
