1586 2460
125 79 171 111 24
709 65 869 101 LJVJJ

122 170 379 214 adverterent,
403 167 524 205 tristia
549 179 739 217 responsa
765 166 928 211 reddita,
959 165 1125 204 tristiora
1151 166 1313 213 colonis,
1342 167 1450 216 quod

122 234 224 273 cives
247 231 416 272 Romani
432 232 579 283 patriae
599 233 892 282 oppugnandae
913 231 1084 270 nefanda
1098 231 1262 270 consilia
1276 231 1449 271 inissent.

80 305 102 341 8
124 312 203 337 non
238 305 423 347 negatum
455 299 587 347 itaque
623 304 775 336 tantum
800 297 857 335 .de
890 295 1064 346 captivis,
1101 296 1183 342 sed,
1214 296 1255 334 in
1289 309 1368 346 quo
1400 296 1451 334 ab

123 363 237 402 sociis
270 370 401 400 tamen
441 370 765 412 temperaverunt,
802 360 1080 399 denuntiatum
1115 369 1274 399 senatus
1310 360 1449 407 verbis,

122 430 356 466 facesserent
389 440 553 477 propere
588 440 635 465 ex
668 427 762 464 urbe
800 427 851 465 ab
890 439 957 464 ore
995 433 1113 475 atque
1152 425 1276 464 oculis
1315 425 1485 476 populis

123 492 305 539 Romani,
335 505 384 531 ne
411 491 507 530 nihil
535 505 602 530 eos
631 491 836 542 legationis
858 490 927 537 ius,
951 499 1125 538 externo,
1148 504 1229 529 non
1249 490 1324 529 civi
1343 503 1450 529 corn-

121 567 309 608 paratum‚
341 565 500 607 tegeret.

46 688 102 731 18
126 702 191 725 1:.C.
211 695 283 735 384.
330 693 487 734 Milium-y
502 693 648 724 lribnncs
663 694 780 729 clecled,
797 694 850 724 six
870 693 906 724 in
928 693 1073 723 number.
1127 692 1217 723 W'z'tlc
1229 697 1321 734 peace
1334 691 1457 724 abroad

207 749 260 779 llze
275 748 415 789 struggle
428 752 465 779 at
478 749 568 779 home
583 749 685 789 gains
703 749 858 787 strength.
910 749 1064 779 Asanlius
1085 748 1235 789 r'nvilz'ng
1252 747 1305 778 {lte
1315 747 1405 788 plebs
1424 751 1456 778 to

207 803 260 832 his
286 802 381 832 house
404 811 496 842 urges
519 802 604 832 them
629 806 659 832 to
683 812 737 831 use
758 801 844 832 their
860 807 971 843 power
992 811 1029 831 as
1050 801 1102 831 the
1122 811 1219 841 army
1239 800 1280 842 os
1293 800 1346 832 the
1369 800 1458 831 State
1477 814 1505 830 10

207 862 236 887 lo
243 856 316 897 free
331 857 514 887 themselves
526 856 618 896 from
636 856 689 886 llze
707 860 854 896 tyranny
869 855 908 897 (gf
921 855 973 886 the
986 855 1180 896 patriciatu.
1227 854 1292 885 For
1311 853 1364 885 the
1371 853 1456 897 first

207 911 282 941 time
296 921 368 941 now
384 910 539 941 Manlius
555 910 584 940 is
599 909 732 941 accused
740 909 915 951 ofaiming
927 915 962 940 at
975 910 1110 950 royally.

207 1006 525 1043 Recrudescente
566 1004 769 1042 Manliana
807 1003 1014 1050 seditione,
1055 1004 1128 1042 sub
1173 1002 1318 1041 exitum
1362 1001 1455 1041 anni

124 1070 282 1108 comitia
302 1069 448 1117 habita,
470 1069 669 1118 creatique
689 1069 833 1108 tribuni
854 1069 1021 1107 militum
1041 1067 1235 1107 consulari
1260 1075 1456 1118 potestate

124 1136 199 1174 Ser.
242 1134 447 1174 Cornelius
483 1135 771 1185 Maluginensis
805 1135 956 1182 iterum,
1000 1137 1041 1173 P.
1082 1134 1263 1173 Valerius
1303 1133 1454 1172 Potitus
1477 1154 1506 1177 15

124 1201 276 1247 iterum,
307 1203 361 1239 M.
394 1202 531 1239 Furius
558 1201 748 1240 Camillus
777 1200 970 1251 quintum,
999 1202 1076 1239 Ser.
1107 1199 1301 1250 Sulpicius
1330 1200 1456 1237 Rufus

125 1266 274 1313 iterum,
323 1267 367 1306 C.
417 1266 592 1316 Papirius
639 1267 817 1312 Crassus3
857 1266 903 1303 T.
947 1264 1158 1314 Quinctius
1197 1263 1457 1304 Cincinnatus

85 1345 103 1369 2
125 1330 274 1368 iterum.
332 1330 442 1369 cuius
477 1330 670 1381 principio
703 1331 796 1369 anni
830 1339 869 1369 et
903 1330 1079 1380 patribus
1113 1338 1152 1369 et
1183 1328 1289 1379 plebi
1320 1341 1457 1380 perop-

127 1403 293 1443 portune
313 1402 471 1434 externa
497 1408 573 1444 pax
599 1396 702 1441 data,
731 1396 848 1444 plebi,
878 1395 985 1445 quod
1013 1407 1094 1433 non
1122 1404 1286 1432 avocata
1311 1393 1456 1433 dilectu

126 1472 238 1508 spem
276 1458 393 1509 cepit,
428 1461 523 1497 dum
563 1467 643 1497 tam
678 1467 883 1509 potentem
923 1460 1087 1498 haberet
1124 1459 1278 1506 ducem,
1313 1457 1457 1497 fenoris
1477 1478 1510 1493 20

127 1525 388 1574 expugnandi,
424 1524 611 1574 patribus,
643 1537 692 1562 ne
721 1537 801 1574 quo
831 1533 993 1563 externo
1023 1532 1169 1563 terrore
1202 1531 1459 1562 avocarentur

85 1589 246 1640 3aninii
284 1591 334 1627 ab
374 1589 558 1628 sanandis
603 1590 832 1628 domesticis
878 1590 1000 1627 malis.
1073 1589 1188 1639 igitur
1231 1601 1322 1627 cum
1368 1601 1458 1638 pars

127 1663 288 1705 utraque
326 1653 450 1693 acrior
487 1654 692 1704 aliquanto
732 1661 868 1693 coorta
913 1661 1026 1702 esset,
1069 1653 1147 1691 iam
1193 1652 1457 1704 propinquum

127 1728 322 1758 certamen
345 1719 490 1758 aderat.
547 1726 586 1758 et
608 1719 792 1766 Manlius,
814 1720 1007 1758 advocata
1027 1719 1192 1758 domum
1213 1719 1342 1768 plebe,
1364 1731 1455 1757 cum

127 1784 365 1835 principibus
396 1784 665 1838 novandarum
700 1798 828 1823 rerum
863 1784 1032 1824 interdiu
1065 1792 1267 1835 noctuque
1296 1783 1459 1823 consilia
1479 1800 1510 1824 25

128 1849 257 1898 agitat,
286 1849 438 1899 plenior
464 1848 667 1898 aliquanto
695 1849 913 1887 animorum
942 1851 1175 1899 irarumque,
1197 1862 1317 1899 quam
1343 1855 1462 1888 antea

87 1915 262 1961 4suerat.
321 1913 413 1952 iram
453 1915 687 1953 accenderat
725 1914 942 1964 ignominia
979 1928 1116 1954 recens
1153 1914 1194 1961 in
1231 1913 1365 1954 animo
1408 1915 1460 1953 ad

129 1980 409 2018 contumeliam
443 1979 672 2029 inexpert03
716 1979 873 2030 spiritus
893 1968 1045 2028 dabat,
1085 1981 1193 2030 quod
1232 1993 1307 2020 nec
1343 1992 1460 2019 ausus

131 2054 231 2084 esset
258 2046 361 2084 idem
386 2046 425 2083 in
452 2059 494 2084 se
520 2045 698 2093 dictator,
729 2047 835 2096 quod
863 2046 901 2084 in
929 2047 992 2096 Sp.
1025 2045 1173 2085 Maelio
1201 2044 1461 2085 Cincinnatus

133 2110 340 2158 Quinctius
384 2112 549 2157 fecisset,
597 2119 635 2149 et
680 2110 896 2150 vinclorum
944 2124 1101 2150 suorum
1146 2110 1334 2150 invidiam
1379 2123 1513 2152 n0n3o

131 2175 298 2223 dictator
318 2177 439 2214 modo
460 2175 682 2214 abdicando
703 2175 936 2214 dictaturam
958 2175 1130 2226 fugisset,
1148 2176 1218 2214 sed
1239 2188 1289 2214 ne
1293 2156 1460 2214 *senatus

91 2254 111 2292 5
132 2239 292 2288 quidem
313 2239 502 2278 sustinere
523 2240 727 2289 potuisset.
787 2240 847 2279 his
868 2240 983 2278 simul
1011 2240 1166 2278 inflatus
1194 2240 1461 2279 exacerbatus-
