1586 2460
664 61 848 99 ΗΒΕΑ)
897 64 958 99 VJ.
1425 75 1469 113 51

116 201 120 204 .
144 175 213 201 sua
238 163 437 201 voluntate
464 162 726 212 impertituros
754 164 861 213 plebi
891 166 1092 213 honorem,
1121 166 1186 215 qui
1216 174 1360 205 octona
1386 166 1474 204 loca

144 227 306 266 tribunis
326 227 492 266 militum
517 228 695 266 creandis
723 242 915 279 occupare
936 230 1038 268 soliti
1060 230 1146 277 sint,
1169 240 1205 269 et
1226 232 1277 270 ad
1297 232 1472 269 consula-

143 300 228 330 tum
256 291 359 331 viam
390 292 471 331 fieri
500 306 695 342 passurOS‚
719 293 786 343 qui
817 294 1054 332 tribunatum
1085 304 1265 345 saeptum
1295 303 1375 333 tam
1404 294 1472 334 diu

143 355 371 396 habuerint?
426 358 511 406 lege
541 357 801 396 obtinendum
832 371 926 407 esse,
959 360 1065 409 quod
1095 360 1262 399 comitiis
1292 373 1360 410 per
1391 373 1472 410 gra·
1492 377 1511 414 7

108 438 124 462 s
143 421 236 459 tiam
277 430 459 472 nequeat,
503 431 542 461 et
587 424 858 473 seponendum
908 432 1015 463 extra
1062 433 1259 464 certamen
1306 426 1469 463 alterum

140 487 400 533 consulatum,
423 487 474 525 ad
494 500 610 537 quem
632 488 736 537 plebi
757 489 805 527 sit
826 488 965 536 aditus,
989 489 1176 539 quoniam
1197 489 1236 527 in
1256 489 1470 528 certamine

140 553 297 591 relictus
323 553 540 602 praemium
569 567 723 604 semper
748 555 978 604 potentioris
1006 556 1154 594 futurus
1182 556 1240 594 sit.
1299 569 1372 594 nec
1392 555 1468 593 iam
1489 563 1512 599 8

139 630 256 667 posse
289 617 368 656 dici
398 617 450 664 id,
484 619 591 668 quod
626 627 742 656 antea
775 619 918 658 iactare
953 619 1056 658 soliti
1087 619 1174 667 sint,
1206 633 1286 658 non
1318 633 1400 659 esse
1429 620 1468 658 in

139 680 305 731 plebeiis
344 681 510 720 idoneos
544 682 645 721 viros
684 684 734 721 ad
772 685 924 722 curules
963 683 1218 734 magistratus.
1275 684 1468 734 numquid

90 765 121 782 ιο
139 747 243 786 enim
264 747 466 786 socordius
487 756 555 786 aut
581 748 737 797 segnius
764 762 845 787 rem
872 748 1071 798 publicam
1098 748 1358 787 administrari
1379 758 1468 799 post

139 813 182 850 P.
205 812 346 850 Licinii
367 813 478 851 Calvi
499 813 750 861 tribunatum,
772 813 837 864 qui
863 814 1009 864 primus
1030 827 1076 853 ex
1097 816 1214 864 plebe
1233 822 1384 854 creatus
1405 814 1464 862 sit,

138 890 256 927 quam
277 891 349 928 per
368 892 435 917 eos
455 892 581 918 annos
601 888 709 929 gesta
730 880 789 927 sit,
812 879 953 930 quibus
974 889 1126 930 praeter
1145 880 1327 930 patricios
1347 894 1465 920 nemo

137 942 316 981 tribunus
340 942 506 981 militum
534 944 670 983 fuerit?
699 945 792 994 quin
820 952 957 983 contra
983 945 1165 995 patricios
1191 945 1341 994 aliquot
1361 946 1464 984 dam-
1486 963 1508 999 9

137 1015 251 1046 natos
287 1016 379 1057 post
417 1008 670 1056 tribunatum,
710 1009 911 1049 neminem
950 1010 1161 1060 plebeium.
1239 1017 1466 1060 quaestores

88 1095 117 1117 ¹5
137 1086 308 1123 quoque,
332 1073 432 1111 sicut
458 1073 635 1113 tribunos
663 1075 843 1120 militum,
865 1075 1000 1124 paucis
1027 1083 1118 1114 ante
1144 1075 1256 1113 annis
1276 1089 1324 1114 ex
1350 1076 1466 1125 plebe

135 1146 300 1188 coeptos
321 1139 452 1185 creari,
475 1152 549 1178 nec
576 1139 691 1177 ullius
712 1152 848 1178 eorum
874 1141 1066 1189 populum
1087 1142 1315 1179 Romanum
1335 1140 1467 1190 paeni·

136 1203 265 1243 tuisse.
339 1205 586 1242 consulatum
622 1217 824 1254 superesse
859 1204 1043 1254 plebeiis;
1087 1218 1175 1243 eam
1213 1218 1298 1244 esse
1336 1218 1465 1245 arcem
1489 1218 1535 1242 10

135 1268 335 1315 libertatis,
362 1267 404 1307 id
429 1269 620 1306 columen.
681 1268 712 1306 si
739 1282 786 1307 eo
813 1277 1045 1318 perventum
1076 1268 1134 1316 sit,
1163 1277 1246 1308 tum
1275 1271 1464 1320 populum

136 1335 364 1372 Romanum
382 1347 472 1372 vere
492 1342 651 1372 exactos
672 1348 718 1372 ex
739 1335 834 1372 urbe
855 1347 963 1383 reges
984 1342 1022 1372 et
1043 1335 1223 1373 stabilem
1244 1335 1463 1374 libertatem

83 1417 115 1434 20
134 1411 243 1437 suam
270 1397 579 1436 existimaturum
587 1412 598 1444 3
628 1397 776 1448 quippe
803 1411 851 1436 ex
876 1398 941 1436 illa
967 1397 1031 1436 die
1058 1398 1098 1436 in
1124 1399 1282 1448 plebem
1301 1406 1465 1437 ventura
1488 1413 1529 1436 11

132 1459 277 1506 omnia,
305 1460 446 1509 quibus
473 1459 625 1509 patricii
653 1461 857 1506 excellant,
879 1459 1089 1509 imperium
1115 1468 1234 1510 atque
1259 1461 1462 1507 honorem,

131 1524 294 1575 gloriam
339 1524 444 1572 belli,
483 1537 619 1575 genus,
659 1524 917 1571 nobilitatem,
959 1537 1102 1574 magna
1147 1525 1241 1575 ipsis
1287 1527 1463 1573 fruenda,

133 1590 281 1629 maiora
316 1589 446 1629 liberis
484 1589 752 1640 relinquenda.
822 1590 936 1627 huius
973 1589 1125 1639 generis
1164 1590 1360 1630 orationes
1397 1592 1465 1630 ubi
1486 1601 1530 1626 12

131 1655 259 1706 accipi
279 1655 421 1701 videre,
444 1667 589 1694 novam
609 1654 854 1704 rogationem
881 1655 1140 1704 promulgant,
1166 1663 1208 1693 ut
1233 1668 1304 1706 pro
1324 1658 1463 1694 duum-

80 1739 112 1762 25
131 1719 218 1759 viris
240 1720 356 1759 sacris
375 1720 569 1759 faciundis
590 1720 799 1758 decemviri
820 1727 1009 1766 creentur,
1023 1719 1077 1757 ita
1096 1728 1137 1758 ut
1157 1733 1246 1770 pars
1268 1734 1314 1759 ex
1333 1723 1462 1771 plebe,

129 1800 218 1837 pars
239 1800 286 1825 ex
304 1786 481 1837 patribus
500 1788 566 1825 fiat
574 1802 584 1835 3
609 1786 866 1836 omniumque
883 1798 1015 1824 earum
1037 1785 1284 1836 rogationum
1305 1786 1464 1825 comitia

129 1851 171 1890 in
189 1852 404 1891 adventum
426 1851 509 1890 eius
530 1852 722 1890 exercitus
744 1851 940 1897 differunt,
964 1849 1032 1900 qui
1053 1849 1220 1889 Velitras
1241 1851 1459 1890 obsidebat.

131 1964 197 1988 B.C.
223 1955 297 1997 368.
349 1956 381 1986 T
375 1956 415 1988 lte
431 1956 574 1997 struggle
592 1965 668 1987 over
687 1956 739 1987 tlze
757 1955 916 1986 Lz'cinz'an
938 1955 1018 1986 laws
1038 1956 1225 1986 continues:
1251 1955 1413 1986 Camillus
1435 1956 1462 1986 z's
1480 1947 1540 1993 38

214 2011 388 2053 appointed
403 2011 551 2042 dictator.
601 2011 755 2042 Licinius
776 2010 847 2041 and
867 2010 999 2042 Sextius
1020 2009 1126 2051 refuso
1145 2015 1176 2041 to
1197 2011 1355 2051 recognise
1375 2011 1462 2043 their

77 2078 111 2103 30
214 2063 394 2106 collcagues’
409 2069 485 2096 veto.
539 2064 703 2095 Camillus
718 2064 881 2095 threatens
896 2068 926 2094 to
946 2063 1138 2094 administer
1153 2063 1207 2094 tlte
1222 2064 1373 2105 military
1387 2065 1462 2096 oatlz

173 2140 175 2142 -
214 2122 244 2150 to
266 2119 318 2150 all
342 2118 396 2150 tlte
419 2118 570 2156 iuniores,
599 2120 671 2149 and
691 2118 767 2149 lead
789 2117 875 2149 them
903 2122 958 2148 out
985 2117 1026 2158 of
1046 2118 1099 2149 the
1122 2118 1192 2158 city,
1222 2118 1279 2149 but
1299 2118 1464 2159 presently

213 2173 348 2214 resigna
368 2173 422 2205 his
437 2184 550 2205 reason
556 2172 620 2214 jor
632 2173 733 2214 doing
745 2183 777 2204 so
792 2172 888 2213 being·
900 2172 1081 2204 uncertain.

208 2245 320 2284 Prius
353 2245 611 2284 circumactus
645 2252 703 2284 est
736 2258 874 2295 annus,
912 2258 1030 2294 quam
1064 2258 1087 2282 a
1115 2245 1272 2284 Velitris
1304 2245 1463 2284 reduee-
