1586 2460
656 92 841 128 LIBER
893 93 951 129 ια
1417 104 1464 143 55

143 192 321 243 privatim
356 206 456 243 opus
490 194 550 240 sit,
582 194 622 232 id
656 196 776 234 modo
810 196 934 245 accipi
969 197 1100 243 velint,
1131 210 1228 247 opus
1258 210 1342 236 esse
1373 197 1467 235 nihil

142 256 335 296 invidiosa
353 257 649 297 continuatione
670 259 847 306 honoris;
874 273 948 298 nec
967 273 1007 298 se
1029 260 1267 299 tribunatum
1287 274 1360 300 nec
1379 261 1466 300 illos

143 335 200 368 ea,
221 335 322 372 quae
342 324 590 373 promulgata
609 323 697 369 sint,
720 324 931 363 habituros.

221 389 420 427 Adversus
454 395 534 427 tarn
569 389 806 427 obstinatam
841 390 1057 428 orationem
1096 391 1338 429 tribunorum
1376 405 1464 430 cum
1484 389 1545 434 40

109 465 235 502 sprae
267 452 498 502 indignitate
537 465 663 491 rerum
703 462 837 503 stupor
875 454 1150 504 silentiumque
1187 456 1279 494 inde
1316 464 1466 495 ceteros

141 526 294 567 patrum
321 518 527 564 defixisset,
551 520 652 568 App.
674 519 863 558 Claudius
892 521 1064 566 Crassus,
1094 534 1215 570 nepos
1241 521 1463 568 decemviri,
1488 535 1505 558 2

140 581 282 620 dicitur
307 583 401 621 odio
429 582 550 632 magis
577 582 709 632 iraque
735 596 852 632 quam
879 597 948 633 spe
980 584 1029 622 ad
1052 584 1360 623 dissuadendum
1382 598 1466 634 pro-

140 646 302 686 cessisse
327 655 367 686 et
391 648 544 686 locutus
574 646 615 686 in
644 649 747 686 hanc
777 649 855 687 fere
887 649 1120 688 sententiam
1152 663 1247 688 esse.
1307 654 1465 700 “neque
1484 665 1506 702 3

141 724 286 751 novum
313 725 441 762 neque
467 712 713 763 inopinatum
739 714 834 751 mihi
862 713 920 759 sit,
945 713 1127 762 Quirites,
1151 715 1192 761 si,
1216 716 1323 764 quod
1344 728 1463 753 unum

93 797 123 814 ιο
140 776 308 815 familiae
328 785 484 816 nostrae
510 790 663 827 semper
689 777 884 816 obiectum
914 787 971 817 est
997 781 1047 818 ab
1068 779 1262 817 seditiosis
1290 779 1463 827 tribunis,

139 841 181 880 id
208 854 314 880 nunc
336 855 410 891 ego
435 855 594 892 quoque
625 842 794 889 audiam,
825 844 1015 882 Claudiae
1045 843 1151 893 genti
1182 843 1257 881 iam
1290 844 1382 882 inde
1415 845 1464 882 ab

139 905 251 945 initio
276 905 373 944 nihil
397 906 594 956 antiquius
620 906 660 944 in
686 919 726 946 re
752 907 911 956 publica
937 915 1090 957 patrum
1111 907 1314 946 maiestate
1334 908 1463 955 fuisse,

140 984 294 1021 semper
312 972 437 1021 plebis
463 972 684 1010 commodis
711 972 936 1011 adversatos
961 986 1057 1011 esse.
1115 986 1280 1022 quorum
1301 974 1463 1011 alterum
1484 985 1507 1018 4

139 1048 268 1085 neque
298 1048 399 1085 nego
433 1048 561 1085 neque
594 1035 736 1074 infitias
765 1049 824 1084 eo,
858 1049 941 1083 nos,
972 1050 1020 1075 ex
1049 1050 1128 1086 quo
1154 1036 1300 1090 *adsciti
1333 1050 1464 1076 sumus

91 1118 121 1142 15
139 1099 256 1138 simul
281 1099 322 1138 in
349 1099 546 1139 civitatem
576 1108 614 1139 et
641 1108 780 1150 patres,
811 1100 922 1139 enixe
948 1114 1108 1151 operam
1135 1101 1304 1147 dedisse,
1330 1110 1371 1140 ut
1398 1115 1465 1151 per

139 1177 213 1203 nos
239 1172 353 1203 aucta
379 1164 510 1214 potius
537 1178 656 1215 quarn
682 1165 891 1204 imminuta
918 1158 1100 1203 maiestas
1126 1179 1254 1204 earum
1276 1165 1462 1215 gentium,

139 1229 240 1268 inter
258 1219 447 1279 quas-nos
474 1243 559 1269 esse
580 1229 766 1278 voluistis,
790 1230 868 1268 dici
889 1243 977 1269 vere
1003 1238 1155 1280 posset,
1184 1229 1280 1268 illud
1301 1232 1463 1269 alterum
1485 1241 1505 1279 5

139 1307 210 1343 pro
230 1307 294 1332 me
320 1293 610 1344 maioribusque
636 1294 732 1332 meis
753 1295 992 1333 contendere
1019 1294 1155 1341 ausim,
1178 1293 1358 1343 Quirites,
1380 1293 1463 1339 nisi,

140 1371 242 1408 quae
261 1371 332 1408 pro
352 1358 533 1398 universa
558 1372 599 1397 re
624 1358 784 1409 publica
810 1360 917 1405 fiant,
941 1372 987 1397 ea
1012 1358 1116 1408 plebi
1143 1366 1329 1407 tanquam
1349 1358 1463 1396 aliam

89 1441 123 1458 20
140 1423 328 1462 incolenti
347 1424 483 1463 urbem
504 1425 667 1463 adversa
686 1424 772 1474 quis
793 1432 914 1473 putet,
939 1423 1035 1461 nihil
1056 1436 1127 1461 nos
1147 1436 1275 1473 neque
1296 1423 1466 1473 privatos

140 1501 269 1538 neque
305 1487 348 1527 in
385 1488 684 1539 magistratibus,
725 1490 832 1539 quod
871 1489 1169 1527 incommodum
1208 1489 1313 1538 plebi
1352 1497 1463 1535 esset,

139 1553 307 1592 scientes
327 1553 474 1601 fecisse,
497 1567 571 1592 nec
591 1555 713 1591 ullum
741 1555 886 1591 factum
915 1552 1111 1591 dictumve
1132 1560 1307 1590 nostrum
1329 1562 1466 1592 contra

140 1617 346 1656 utilitatem
365 1625 546 1666 vestram,
569 1617 642 1656 etsi
669 1619 864 1668 quaedam
891 1625 1027 1655 contra
1046 1618 1290 1656 voluntatem
1310 1618 1463 1664 fuerint,

139 1695 230 1721 vere
258 1682 389 1721 referri
419 1695 546 1732 posse.
606 1696 656 1721 an
686 1684 773 1729 hoc,
807 1682 838 1720 si
868 1680 1057 1721 Claudiae
1086 1681 1255 1720 familiae
1284 1695 1365 1720 non
1393 1682 1465 1720 sim
1485 1689 1507 1726 6

91 1767 122 1791 25
140 1759 214 1786 nec
232 1759 280 1786 ex
297 1747 462 1796 patricio
488 1748 676 1797 sanguine
703 1755 819 1792 ortus,
843 1747 911 1785 sed
938 1759 1038 1784 unus
1060 1744 1267 1793 Quiritium
1290 1746 1465 1794 quilibet,

139 1811 206 1861 qui
239 1812 361 1851 modo
395 1825 458 1851 me
491 1812 646 1850 duobus
680 1811 857 1861 ingenuis
889 1819 1016 1849 ortum
1050 1818 1088 1848 et
1120 1810 1246 1848 vivere
1277 1810 1316 1848 in
1348 1811 1468 1849 libera

139 1874 294 1914 civitate
332 1875 465 1924 sciam,
505 1877 665 1915 reticere
695 1869 862 1925 possim,
904 1877 945 1912 L.
986 1874 1093 1912 illurn
1132 1874 1305 1913 Sextium
1343 1883 1381 1913 et
1419 1876 1463 1913 C.
1487 1891 1507 1928 7

142 1939 345 1987 Licinium,
367 1948 590 1990 perpetuos,
613 1939 644 1978 si
665 1940 724 1978 dis
744 1941 883 1989 placet,
901 1938 1090 1984 tribunos,
1112 1946 1263 1976 tantum
1284 1938 1467 1977 licentiae

140 2016 282 2042 novem
311 2003 436 2051 annis,
467 2005 609 2054 quibus
639 2012 812 2053 regnant,
843 2002 1065 2052 sumpsisse,
1096 2011 1138 2040 ut
1176 2002 1287 2040 vobis
1324 2010 1467 2052 negent

90 2087 123 2111 30
140 2075 377 2117 potestatem
402 2068 566 2106 liberam
587 2067 767 2116 suffragii,
790 2080 870 2105 non
893 2066 933 2104 in
953 2066 1134 2113 comitiis,
1155 2079 1235 2104 non
1256 2065 1293 2104 in
1316 2066 1466 2116 legibus

139 2131 334 2178 iubendis,
368 2144 410 2170 se
448 2131 703 2181 permissuros
733 2132 855 2175 esse?
912 2132 1007 2168 ‘sub
1046 2130 1302 2168 condicione'
1339 2130 1508 2178 inquitS

143 2195 231 2232 ‘nos
259 2193 440 2232 reficietis
474 2193 672 2231 decimum
705 2192 904 2230 tribunos.’
963 2192 1057 2241 quid
1091 2199 1149 2230 est
1180 2191 1286 2229 aliud
1319 2190 1465 2229 dicere:

143 2257 274 2306 ‘quod
306 2264 444 2306 petunt
483 2256 558 2301 alii,
593 2270 664 2294 nos
699 2257 798 2294 adeo
833 2255 1060 2301 fastidimus,
1096 2263 1137 2293 ut
1171 2254 1254 2293 sine
1287 2255 1466 2293 mercede
