1586 2460
628 64 812 99 LIBER
859 65 922 100 Vl.
1412 76 1432 113 5

112 177 201 202 cum
232 177 274 202 se
303 171 452 203 maesta
481 165 592 202 turba
620 166 670 203 ad
700 166 820 213 pedes
851 166 1115 214 provolvisset,
1138 167 1435 216 principumque

112 228 328 267 orationem
356 230 587 267 necessitate
614 228 751 267 ultima
777 242 995 278 expressam
1023 231 1134 268 fletus
1160 231 1364 270 mulierum
1390 244 1436 269 ac

113 305 331 342 puerorum,
349 293 416 343 qui
435 293 558 332 exsilii
579 294 742 332 comites
759 295 1018 341 trahebantur,
1036 296 1262 346 excepisset,
1280 310 1435 347 parcere

113 357 290 396 lamentis
329 357 506 397 Sutrinos
539 358 671 396 iussit:
713 359 881 397 Etruscis
916 373 956 398 se
995 361 1140 398 luctum
1176 361 1432 411 lacrimasque

82 423 218 463 sferre.
277 422 446 471 sarcinas
494 422 586 461 inde
636 423 783 473 deponi
832 423 1086 475 Sutrinosque
1133 425 1185 463 ibi
1232 427 1434 465 considere
1454 440 1474 478 5

63 524 66 526 ,
113 486 272 526 modico
301 487 498 537 praesidio
527 488 673 534 relicto,
704 502 811 526 arma
839 502 971 527 secum
1002 489 1163 528 militem
1193 491 1288 529 ferre
1316 490 1432 530 iubet.

112 551 166 590 ita
184 553 371 602 expedito
391 552 561 591 exercitu
590 555 784 603 profectus
806 555 855 592 ad
877 553 1058 602 Sutrium,
1080 555 1119 592 id
1141 556 1246 604 quod
1268 557 1433 603 rebatur,

112 618 238 656 soluta
254 616 387 655 onmia
402 619 528 665 rebus,
547 625 588 656 ut
608 620 660 665 fit,
679 620 859 657 secundis
880 618 1037 665 invenit,
1061 620 1205 657 nullam
1226 619 1432 658 stationem

111 689 204 721 ante
232 681 400 729 moenia,
422 690 600 732 patentes
627 691 769 732 portas,
791 683 978 721 victorem
1008 697 1148 733 vagum
1178 685 1361 733 praedam
1389 698 1434 723 ex

64 766 96 783 ιο
111 747 283 785 hostium
304 746 416 785 tectis
437 755 669 796 egerentem.
729 747 868 785 iterum
889 747 1001 797 igitur
1022 748 1161 786 eodem
1183 748 1246 786 die
1266 748 1434 787 Sutrium
1454 756 1476 790 6

112 811 262 862 capitur
275 827 286 860 5
315 812 481 851 victores
503 812 658 851 Etrusci
685 812 830 862 passim
858 814 1098 851 trucidantur
1116 815 1166 851 ab
1187 826 1290 852 novo
1310 814 1434 861 hoste,

113 890 241 927 neque
279 890 321 916 se
358 877 623 928 conglobandi
671 876 919 926 coeundique
966 877 1004 914 in
1052 890 1171 915 unum
1219 885 1284 915 aut
1329 891 1437 916 arma

111 941 298 992 capiundi
325 943 439 981 datur
464 943 641 991 spatium.
701 955 789 980 cum
818 955 888 992 pro
915 955 954 980 se
976 942 1140 991 quisque
1162 943 1364 980 tenderent
1386 944 1435 981 ad
1457 955 1475 992 7

112 1013 256 1057 portas,
278 1006 310 1044 si
338 1019 415 1056 qua
442 1007 540 1044 forte
569 1019 610 1044 se
639 1006 677 1043 in
708 1019 818 1055 agros
846 1005 984 1044 eiicere
1010 1014 1180 1055 possent,
1204 1008 1352 1044 clausas
1381 1006 1436 1057 (id

66 1091 96 1115 ις
112 1070 217 1110 enim
238 1071 407 1121 primurn
434 1071 600 1109 dictator
626 1069 899 1121 imperaverat)
921 1078 1052 1120 portas
1074 1070 1287 1109 inveniunt.
1345 1070 1436 1109 inde
1455 1079 1477 1113 8

113 1134 178 1172 alii
208 1147 316 1173 arma
349 1148 499 1184 capere,
530 1134 604 1181 alii,
639 1147 737 1183 quos
772 1135 869 1173 forte
908 1142 1075 1172 armatos
1110 1135 1295 1172 tumultus
1324 1147 1437 1172 occu-

113 1205 283 1250 paverat,
313 1212 531 1238 convocare
570 1212 672 1248 suos,
709 1207 751 1237 ut
789 1199 981 1248 proelium
1019 1198 1191 1246 inirent;
1233 1199 1340 1248 quod
1378 1212 1437 1237 ac—

112 1279 273 1304 censum
302 1266 352 1304 ab
383 1265 658 1315 desperatione
687 1265 858 1303 hostium
888 1264 1034 1311 fuisset,
1057 1264 1096 1301 ni
1125 1276 1339 1313 praecones
1368 1276 1438 1313 per

112 1332 249 1370 urbem
287 1330 438 1369 dimissi
475 1330 570 1380 poni
609 1326 714 1367 arma
752 1337 790 1367 et
827 1328 933 1379 parci
972 1328 1108 1367 inermi
1139 1328 1335 1366 iussissent
1364 1341 1437 1366 nec

63 1418 95 1436 ²0
113 1403 265 1446 praeter
302 1404 473 1434 armatos
513 1408 750 1444 quemquam
799 1393 941 1433 violari.
1003 1402 1084 1431 tum
1131 1393 1247 1431 etiarn
1295 1393 1478 1442 quibus9

113 1461 232 1499 animi
269 1461 309 1498 in
347 1473 418 1510 spe
456 1461 593 1499 ultima
631 1458 815 1498 obstinati
852 1459 901 1497 ad
948 1458 1227 1496 decertandum
1274 1458 1435 1504 fuerant,

113 1534 322 1576 postquam
363 1527 454 1564 (lata
492 1538 580 1575 spes
614 1525 717 1562 vitae
748 1531 818 1570 est,
852 1524 995 1561 iactare
1029 1521 1172 1572 passim
1203 1534 1310 1559 arma
1342 1521 1437 1560 iner-

113 1603 289 1640 mesque,
332 1590 440 1639 quod
487 1588 608 1627 tutius
655 1589 811 1625 fortuna
857 1587 1010 1632 fecerat,
1059 1599 1100 1624 se
1147 1585 1248 1624 hosti
1290 1586 1435 1623 offerre.

114 1668 255 1704 magna
275 1653 483 1692 multitudo
504 1653 543 1690 in
565 1652 765 1690 custodias
785 1650 926 1697 divisa,
956 1650 1148 1700 oppidum
1169 1657 1259 1688 ante
1280 1657 1436 1687 noctem
1460 1666 1505 1690 10

63 1739 96 1762 25
112 1719 310 1758 redditum
340 1717 501 1756 Sutrinis
531 1716 760 1755 inviolatum
789 1715 1061 1764 integrumque
1096 1716 1146 1752 ab
1184 1713 1292 1752 omni
1325 1713 1436 1751 clade

115 1783 215 1830 belli,
247 1782 336 1833 quia
374 1795 454 1820 non
484 1781 522 1820 vi
553 1788 723 1831 captum,
755 1781 825 1818 sed
864 1779 1048 1818 traditum
1077 1792 1147 1829 per
1184 1777 1437 1817 condiciones

114 1849 246 1886 fuerat.

118 2023 281 2056 Camillus
294 2023 456 2055 celebrates
471 2034 490 2054 a
508 2022 665 2064 triumph.
719 2022 750 2053 T
745 2021 783 2053 he
800 2021 985 2053 remaiuder
999 2020 1040 2063 of
1047 2021 1096 2052 his
1112 2019 1214 2061 spoils,
1228 2019 1315 2061 aster
1328 2023 1438 2059 repay·
1454 2015 1485 2061 4

200 2079 263 2120 ing
274 2079 326 2110 the
342 2083 489 2109 matrons
506 2077 557 2118 (cf.
579 2086 612 2108 v.
632 2079 695 2118 50),
715 2078 743 2108 is
761 2077 923 2108 dedicated
941 2077 977 2108 in
997 2076 1049 2107 the
1061 2076 1154 2117 form
1175 2074 1214 2115 of
1225 2074 1312 2106 three
1325 2073 1438 2114 golclen

64 2149 98 2176 30
147 2135 150 2138 ’
200 2138 331 2174 paterae
346 2137 375 2163 to
386 2133 573 2174 Jupiterqf
580 2132 631 2162 the
647 2131 780 2172 Capitol.
820 2131 904 2162 Such
926 2130 1113 2166 Veientium,
1131 2128 1359 2169 Capenatium,
1372 2127 1443 2158 and

199 2188 368 2218 Faliscans
384 2197 421 2217 as
442 2187 512 2217 had
527 2185 664 2217 assisted
679 2186 780 2216 Rome
800 2186 917 2216 receive
936 2184 1126 2224 citizenship
1146 2183 1216 2214 and
1234 2183 1325 2213 land.
1376 2181 1442 2213 The

198 2240 377 2281 enn'gyants
392 2249 448 2269 at‘e
462 2238 695 2279 recalledstvm
719 2238 799 2269 Vclc'.
