1586 2460
132 77 182 120 46
718 72 782 108 L]
790 73 874 108 Vll

56 219 116 264 34
136 227 327 265 lnanmiug
346 226 463 265 mismy
478 226 649 266 osa'cltlm’s
669 230 703 256 al
725 227 831 256 li'omc.
884 226 950 255 The
973 231 1056 264 slmy
1072 226 1110 266 ‘ff
1123 226 1176 256 tlte:
1194 235 1339 265 younger
1359 224 1463 254 Fabia

218 281 288 311 aml
300 281 356 310 lm·
370 281 471 311 sister.
529 281 593 311 771ae
602 282 703 321 filans
718 281 758 320 of
765 281 943 321 hcl-sizllzcr
957 281 1007 310 M.
1026 280 1147 311 Fabius
1161 280 1234 310 ancl
1245 279 1304 310 lter
1315 278 1466 310 husband

223 338 256 367 C.
278 336 430 366 Lamias
446 337 538 366 Stolo.

215 436 374 483 Quanto
396 433 517 483 magis
544 432 741 483 prosperis
767 446 816 471 eo
836 445 942 470 anno
963 432 1076 470 bellis
1103 431 1311 482 tranquilla
1331 430 1465 470 omnia

134 499 223 537 soris
251 506 370 544 erant,
395 506 547 536 tanturn
575 497 615 535 in
643 498 739 536 urbe
768 497 822 535 vis
851 506 1006 546 patrum
1035 497 1075 534 in
1096 496 1180 535 (lies
1206 495 1463 545 miseriaeque
1482 517 1497 541 5
1524 518 1527 520 —

135 564 259 614 plebis
292 565 530 609 crescebant,
565 577 655 601 cum
691 577 739 602 eo
770 563 866 613 ipso,
903 564 1008 612 quod
1045 575 1205 600 necesse
1243 569 1325 600 erat
1356 560 1464 605 solvi,

96 644 113 667 2
135 630 295 667 facultas
323 627 500 666 solvendi
526 628 789 678 impediretur.
848 628 980 677 itaque
1009 640 1098 665 cum
1126 626 1203 665 iam
1230 639 1277 666 ex
1301 639 1343 665 re
1369 625 1464 665 nihil

136 693 217 732 dari
246 700 389 743 posset,
418 693 522 730 fama
551 700 589 731 et
618 705 791 742 corpore,
821 691 982 730 iudicati
1010 699 1128 741 atque
1157 690 1318 737 addicti,
1345 690 1466 730 credi-

138 759 284 797 toribus
323 757 626 805 satisfaciebant,
666 770 875 807 poenaque
912 756 952 794 in
991 756 1118 795 vicem
1157 755 1248 794 fidei
1286 763 1462 795 cesserat.

95 839 116 874 3
136 824 236 861 adeo
264 836 354 872 ergo
381 822 574 862 obnoxios
601 822 875 861 summiserant
901 821 1055 860 animos
1080 834 1161 859 non
1182 820 1305 859 infimi
1325 822 1464 869 solum,
1487 844 1518 862 ιο

136 890 204 926 sed
239 887 434 937 principes
468 887 586 926 etiam
619 887 757 937 plebis,
790 894 833 925 ut
866 901 947 926 non
982 887 1103 925 modo
1143 887 1194 925 ad
1224 886 1463 925 tribunatum

95 970 118 1003 4
137 952 302 990 militum
330 952 429 990 inter
452 951 635 1002 patricios
662 953 891 1002 petendum,
922 952 1030 1001 quod
1060 958 1169 989 tanta
1197 950 1234 988 vi
1263 958 1305 988 ut
1332 950 1465 990 liceret

136 1018 396 1065 tetenderant,
419 1017 488 1055 sed
515 1030 564 1055 ne
591 1017 642 1055 ad
669 1016 846 1066 plebeios
873 1014 1033 1065 quidem
1062 1014 1307 1065 magistratus
1333 1029 1467 1066 capes-

137 1083 279 1121 sendos
319 1083 593 1132 petendosque
632 1082 699 1120 ulli
737 1082 818 1120 viro
863 1081 942 1120 acri
980 1081 1274 1131 experientique
1312 1080 1466 1120 animus

137 1155 249 1194 esset,
279 1147 647 1197 possessionemque
674 1146 834 1185 honoris
861 1146 1035 1196 usurpati
1063 1146 1185 1184 modo
1211 1159 1235 1183 a
1261 1146 1377 1195 plebe
1397 1159 1468 1195 per
1489 1167 1516 1190 15

138 1226 284 1261 paucos
314 1225 438 1250 annos
468 1225 717 1262 recuperasse
746 1212 786 1249 in
817 1218 1051 1261 perpetuum
1082 1218 1211 1260 patres
1231 1209 1466 1250 viderentur.

99 1295 117 1332 5
139 1292 188 1316 nc
218 1277 258 1316 id
288 1277 401 1315 nimis
431 1278 576 1316 laetum
607 1277 705 1327 parti
734 1277 841 1315 alteri
868 1283 980 1325 esset,
1010 1289 1138 1327 parva,
1169 1283 1210 1314 ut
1237 1277 1468 1326 plerumque

139 1344 248 1389 solet,
279 1355 359 1380 rem
390 1341 588 1391 ingentem
620 1341 813 1380 moliundi
843 1354 962 1379 causa
990 1340 1207 1379 intervenit.
1269 1342 1324 1378 M.
1358 1339 1468 1379 Fabii

138 1406 332 1454 Ambusti,
354 1406 528 1456 potentis
555 1406 623 1445 viri
652 1420 740 1444 cum
768 1406 869 1445 inter
896 1406 954 1445 sui
975 1406 1148 1456 corporis
1168 1405 1360 1452 homines,
1383 1413 1466 1444 tum

139 1472 254 1511 etiam
281 1473 330 1510 ad
357 1474 528 1522 plebem,
556 1473 663 1521 quod
693 1472 1000 1521 haudquaquam
1030 1471 1130 1509 inter
1158 1470 1198 1509 id
1227 1483 1351 1520 genus
1378 1484 1469 1510 con·
1487 1496 1520 1513 20

140 1545 309 1586 temptor
339 1537 419 1575 eius
454 1538 683 1584 habebatur,
713 1536 814 1575 filiae
849 1538 951 1575 duae
990 1544 1147 1586 nuptae,
1179 1537 1256 1575 Ser.
1294 1535 1469 1586 Sulpicio

141 1603 273 1650 maior,
304 1603 430 1641 minor
450 1604 495 1641 C.
527 1602 679 1640 Licinio
706 1601 857 1640 Stoloni
893 1610 984 1648 erat,
1012 1601 1150 1639 illustri
1182 1601 1342 1651 quidem
1373 1601 1467 1649 viro,

141 1676 272 1706 tamen
307 1667 461 1717 plebeio
478 1681 488 1714 3
533 1679 657 1715 eaque
690 1666 775 1716 ipsa
807 1667 972 1705 affinitas
1008 1668 1116 1705 haud
1149 1675 1279 1716 spreta
1306 1667 1466 1718 gratiam

99 1740 121 1776 6
143 1732 265 1770 Fabio
295 1733 345 1770 ad
373 1733 532 1781 vulgum
562 1731 792 1781 quaesierat.
849 1732 948 1769 forte
982 1730 1035 1769 ita
1067 1731 1216 1779 incidit,
1247 1739 1290 1770 ut
1318 1732 1358 1769 in
1387 1733 1464 1771 Ser.

142 1795 299 1844 Sulpicii
321 1795 465 1833 tribuni
490 1795 656 1838 militum
685 1796 807 1833 domo
834 1808 985 1833 sorores
1013 1794 1158 1833 Fabiae
1184 1808 1273 1833 curn
1294 1795 1393 1834 inter
1412 1809 1465 1845 se,
1487 1819 1520 1844 25

142 1869 183 1899 ut
203 1862 255 1906 fit,
278 1861 522 1899 sermonibus
544 1868 700 1910 tempus
722 1868 901 1907 tererent,
924 1861 1037 1898 lictor
1062 1859 1236 1910 Sulpicii,
1257 1873 1347 1898 cum
1367 1859 1400 1899 is
1419 1861 1470 1900 de

142 1926 226 1963 foro
256 1938 296 1963 se
326 1926 489 1963 domum
519 1925 720 1975 reciperet,
747 1926 882 1972 forem,
913 1933 955 1962 ut
985 1937 1070 1963 mos
1100 1923 1306 1974 est,.virga
1334 1938 1470 1974 percu-

142 1997 249 2027 teret.
307 2003 397 2027 cum
435 1990 485 2027 ad
523 1989 574 2036 id,
609 1989 727 2027 moris
766 1989 847 2026 eius
886 1988 1049 2035 insueta,
1086 1988 1306 2038 expavisset
1342 1989 1471 2027 minor

104 2070 121 2106 7
147 2053 276 2100 Fabia,
305 2053 395 2091 risui
421 2053 542 2091 sorori
570 2052 652 2100 fuit,
681 2053 837 2091 miranti
867 2052 1044 2103 ignorare
1072 2051 1114 2091 id
1144 2065 1340 2101 sororem;
1370 2060 1470 2092 cete-

143 2131 227 2155 rum
256 2117 287 2156 is
317 2117 412 2156 risus
443 2119 620 2156 stimulos
651 2118 777 2168 parvis
812 2118 948 2157 mobili
981 2120 1096 2157 rebus
1129 2117 1262 2156 animo
1291 2117 1470 2157 muliebri
1488 2140 1523 2164 30

145 2182 324 2221 subdidit.
385 2184 602 2232 frequentia
623 2197 780 2233 quoque
807 2183 1130 2233 prosequentium
1154 2181 1467 2232 rogantiumque,

145 2261 239 2285 num
261 2247 356 2296 quid
382 2249 508 2294 vellet,
532 2250 650 2286 credo
677 2249 916 2287 fortunatum
944 2247 1237 2286 matrimonium
1266 2247 1301 2285 ei
1328 2247 1485 2286 sororis·
