1586 2460
621 71 805 107 LIBER
855 72 917 108 VJ.
1383 85 1427 120 ²3

190 170 276 201 their
289 171 467 211 prisoncrs,
489 173 524 202 in
547 173 640 203 ιυίιέν
653 175 724 203 Μαί
743 174 814 213 llzcy
831 185 904 213 may
920 174 992 204 ‹l'cal
1004 174 1086 204 with
1108 174 1192 205 lhez'r
1205 174 1317 216 ffnce
1331 174 1431 214 before

191 223 278 255 their
287 235 359 256 own
375 226 552 262 tribunals,
571 229 685 258 receive
704 237 724 257 a
739 231 826 257 stcrn
846 228 915 268 rcpl,
917 239 942 263 ι’,
960 229 1118 269 wanting
1135 228 1219 259 them
1235 234 1266 260 to
1281 229 1366 259 leave
1379 228 1431 259 the

189 279 253 320 city
265 284 302 311 at
315 290 396 312 once.

186 368 457 407 Audiebantur
509 370 640 420 itaque
694 373 899 421 propalam
946 385 1063 410 voces
1110 371 1426 421 exprobrantium

73 433 356 481 smultitudini,
393 436 499 485 quod
534 437 759 475 defensores
793 451 882 475 suos
922 450 1074 486 semper
1104 437 1143 474 in
1178 436 1425 486 praecipitem

84 500 235 545 ,locum
275 500 405 539 favore
444 501 563 546 tollat,
606 500 749 539 deinde
788 502 827 539 in
866 502 951 551 ipso
997 502 1220 540 discrimine
1266 501 1426 551 periculi

106 564 314 602 destituat:
344 564 399 602 sic
427 566 491 614 Sp.
520 566 698 604 Cassium
728 567 768 603 in
797 580 908 615 agros
939 568 1094 616 plebem
1124 575 1340 612 vocantem,
1371 567 1426 604 sic
1448 579 1465 601 2

105 629 168 678 Sp.
202 628 390 667 Maelium
423 629 472 667 ab
502 642 568 667 ore
597 629 739 667 civium
771 631 911 668 famem
943 630 1020 667 suis
1054 630 1238 679 impensis
1273 632 1425 679 propul-

105 700 256 732 santem
287 706 523 744 oppressos;
561 693 616 731 sic
646 695 701 731 M.
738 694 943 740 Manlium,
976 707 1141 732 mersam
1175 702 1213 732 et
1246 695 1423 733 obrutam

59 776 88 793 ιο
104 759 238 798 fenore
258 767 408 808 partem
430 758 595 797 civitatis
614 759 653 796 in
679 759 895 798 libertatem
922 773 967 797 ac
993 761 1119 798 lucem
1147 761 1424 805 extrahentem,

104 823 302 874 proditum
336 823 512 861 inimicis.
574 824 747 874 saginare
782 825 939 874 plebem
976 822 1215 876 [populares]
1250 837 1353 871 suos,
1382 832 1425 862 ut
1444 841 1464 877 3

105 888 333 937 iugulentur.
383 887 524 926 hocine
545 888 772 937 patiendum
796 887 922 934 fuisse,
947 888 977 925 si
998 889 1048 926 ad
1067 897 1204 926 nutum
1226 888 1424 927 dictatoris

104 966 186 992 non
211 953 455 1003 responderit
482 953 538 991 vir
564 953 806 992 consularis?
861 955 1060 1003 fingerent,
1086 953 1293 991 mentitum
1320 962 1422 1000 ante,
1449 969 1453 978 ·

104 1026 222 1069 atque
241 1018 332 1058 ideo
359 1033 439 1058 non
466 1019 660 1066 habuisse,
689 1020 795 1069 quod
819 1026 902 1057 tum
922 1019 1201 1068 responderet;
1230 1018 1291 1056 cui
1313 1032 1423 1056 servo

57 1099 87 1121 ¹5
105 1095 281 1132 unquam
302 1083 498 1121 mendacii
518 1095 690 1132 poenam
716 1082 845 1120 vincla
871 1082 1018 1120 fuisse?
1073 1095 1152 1120 non
1179 1084 1420 1120 obversatam
1443 1101 1465 1133 4

105 1160 190 1186 esse
234 1147 463 1186 memoriam
509 1148 635 1186 noctis
672 1148 787 1190 illius,
826 1161 926 1197 quae
970 1160 1095 1196 paene
1134 1147 1270 1184 ultima
1306 1155 1422 1196 atque

104 1221 263 1251 aeterna
282 1212 433 1251 nomini
454 1215 638 1250 Romano
664 1212 805 1250 fuerit?
835 1225 914 1250 non
942 1211 1115 1261 speciem
1141 1211 1305 1261 agminis
1333 1212 1424 1249 Gal-

104 1279 229 1316 lorum
269 1290 337 1327 per
375 1277 584 1327 Tarpeiam
622 1290 760 1327 rupem
800 1276 1054 1315 scandentis?
1091 1289 1171 1314 non
1208 1276 1326 1325 ipsius
1367 1277 1421 1313 M.

106 1342 257 1390 Manlii,
280 1343 438 1393 qualem
458 1356 546 1382 eum
567 1351 771 1389 armatum,
793 1343 952 1392 plenum
974 1341 1122 1380 sudoris
1142 1355 1188 1379 ac
1215 1341 1422 1391 sanguinis,

55 1425 87 1443 20
104 1408 191 1458 ipso
229 1421 355 1459 paene
389 1409 485 1447 Iove
520 1416 656 1458 erepto
695 1421 743 1447 ex
775 1408 945 1446 hostium
980 1407 1168 1453 manibus,
1210 1407 1425 1445 vidissent?

104 1472 304 1512 selibrisne
325 1472 432 1511 farris
451 1473 614 1523 gratiam
642 1472 825 1511 servatori
851 1473 996 1522 patriae
1023 1473 1212 1510 relatam?
1240 1480 1278 1509 et
1305 1484 1421 1520 quem
1442 1484 1461 1520 5

103 1552 229 1589 prope
262 1539 484 1585 caelestem,
515 1539 750 1589 cognomine
780 1547 883 1577 certe
914 1537 1138 1587 Capitolino
1172 1536 1256 1574 Iovi
1289 1549 1421 1585 parem

103 1603 276 1650 fecerint,
299 1617 388 1642 eum
409 1603 490 1653 pati
509 1602 683 1641 vinctum
704 1602 743 1640 in
764 1615 927 1649 carcere,
950 1602 989 1639 in
1016 1601 1185 1640 tenebris
1212 1602 1420 1639 obnoxiam

103 1668 296 1708 carnificis
322 1667 480 1707 arbitrio
507 1669 651 1706 ducere
678 1666 880 1704 animam?
935 1667 1034 1704 adeo
1063 1665 1102 1703 in
1132 1677 1212 1703 uno
1241 1664 1422 1703 omnibus

55 1752 86 1776 25
103 1715 196 1771 satis
225 1732 355 1770 auxilii
384 1731 512 1777 fuisse,
544 1732 691 1769 nullam
721 1743 840 1780 opem
869 1729 909 1767 in
939 1737 1018 1767 tam
1049 1728 1179 1767 multis
1213 1728 1279 1766 uni
1311 1731 1423 1767 esse?

103 1797 182 1835 iam
215 1809 266 1834 ne
299 1804 416 1834 nocte
449 1795 607 1844 quidem
640 1796 753 1833 turba
787 1807 834 1832 ex
866 1806 914 1832 eo
948 1795 1036 1831 loco
1074 1792 1330 1840 dilabebatur,
1366 1806 1419 1831 re·
1441 1801 1463 1837 6

101 1862 371 1911 fracturosque
415 1873 610 1898 carcerem
656 1859 915 1904 minabantur,
962 1872 1050 1896 cum
1095 1857 1269 1903 remisso,
1314 1860 1422 1907 quod

103 1925 275 1976 erepturi
308 1932 428 1972 erant,
464 1937 512 1962 ex
543 1931 698 1962 senatus
732 1924 913 1962 consulto
952 1922 1125 1960 Manlius
1163 1921 1298 1959 vinclis
1331 1922 1423 1960 libe·
1477 1966 1481 1978 ,

102 1999 231 2040 ratur3
259 2003 338 2041 quo
358 1991 463 2028 facto
483 2002 563 2028 non
584 1988 724 2027 seditio
750 1988 870 2034 finita,
899 1988 969 2026 sed
995 1988 1074 2026 dux
1100 1985 1281 2024 seditioni
1308 1987 1422 2025 datus

52 2075 84 2099 30
101 2063 170 2094 est.

179 2119 264 2182 Pes„
295 2118 457 2156 eosdem
496 2117 579 2156 dies
620 2115 768 2154 Latinis
806 2124 845 2154 et
885 2115 1081 2161 Hernicis,
1121 2115 1234 2151 simul
1272 2113 1460 2167 colonis7

104 2159 393 2223 Circeiensibus
423 2191 462 2221 et
490 2196 513 2220 a
540 2182 711 2228 Velitris,
742 2180 1000 2231 purgantibus
1029 2193 1070 2218 se
1099 2178 1233 2218 Volsci
1262 2178 1422 2216 crimine

103 2247 197 2286 belli
223 2246 479 2296 captivosque
502 2246 781 2296 repetentibus,
809 2252 850 2282 ut
877 2245 953 2282 suis
980 2244 1129 2293 legibus
1157 2243 1195 2280 in
1216 2255 1284 2280 eos
1303 2241 1422 2279 anim-
