1586 2460
634 78 817 115 LIBER
868 79 929 115 Vl.
1395 92 1441 126 41

115 215 180 239 B.c.
210 216 282 249 379.
332 207 394 238 Sz'x
418 207 568 247 military
589 207 731 238 tribunes
753 207 871 244 elected,
898 208 984 238 three
1003 208 1043 249 of
1054 208 1137 238 them
1157 209 1330 249 plebeiam.
1383 209 1448 239 The
1465 198 1526 243 30

200 266 262 292 two
292 261 432 299 Manlii,
457 261 570 301 actz'ng
597 261 727 301 against
755 261 807 292 tlte
838 262 1009 299 Volscz‘ans,
1037 272 1094 293 are
1124 262 1282 303 invagled
1307 262 1374 293 into
1401 272 1447 293 an

199 315 399 347 ambuscade.
444 316 475 346 A
499 315 640 346 dictator
660 316 688 346 z's
708 316 887 356 appointed.
946 317 976 346 T
972 316 1010 346 lte
1036 316 1195 347 Volscz'ans
1216 317 1360 348 however
1377 317 1449 348 lake

201 381 242 401 uo
257 369 441 409 advantage
454 370 495 410 (gf
501 369 588 400 their
607 370 737 410 victory.
791 371 824 401 T
818 370 857 401 he
873 370 1096 402 Praenestina
1115 383 1206 403 rause
1222 372 1273 403 tlte
1288 373 1404 404 Latius
1417 377 1449 404 to

80 438 97 464 5
196 423 296 455 assist
312 423 395 453 them
413 423 450 453 z'n
467 424 639 464 renewing
650 433 732 453 war.
779 423 878 454 Freslz
894 424 1042 456 colonz'sts
1056 430 1125 456 sent
1141 430 1171 456 to
1187 426 1284 457 Setia.

196 504 368 544 Comitia
415 504 509 544 inde
559 504 692 542 habita
741 505 986 543 tribunorum
1036 504 1203 544 militum
1253 507 1446 546 consulari

113 579 318 622 potestate,
351 571 492 621 quibus
523 580 712 620 aequatus
744 570 994 621 patriciorum
1027 573 1352 624 plebeiorumque
1380 587 1448 612 nu-

114 649 253 675 merus.
311 649 358 675 ex
386 635 560 685 patribus
589 635 707 674 creati
737 637 776 674 P.
810 642 847 674 et
878 637 922 675 C.
956 636 1096 674 Manlii
1125 649 1215 675 cum
1244 639 1285 676 L.
1319 639 1445 686 Iuli03
1467 653 1486 677 2

113 700 248 750 plebes
287 701 329 740 C.
372 699 588 747 Sextilium,
629 701 683 737 M.
725 699 940 746 Albinium,
983 701 1025 738 L.
1066 700 1279 739 Antistium
1322 701 1443 740 dedit.

64 785 97 802 ιο
116 764 288 812 Manliis,
326 765 435 815 quod
472 776 615 814 genere
662 763 850 813 plebeios,
887 763 1009 813 gratia
1048 765 1191 802 Iulium
1229 766 1443 813 anteibant,
1465 778 1486 814 3

113 829 247 868 Volsci
267 829 471 879 provincia
490 828 573 867 sine
594 837 708 875 sorte,
731 828 815 867 sine
834 828 1128 878 comparatione
1149 838 1253 868 extra
1268 830 1446 869 ordinem

112 895 205 933 data
218 910 228 943 3
267 894 378 933 cuius
416 902 455 933 et
493 894 599 944 ipsos
637 895 850 943 postmodo
889 902 926 932 et
965 902 1106 944 patres,
1137 895 1203 945 qui
1242 896 1443 943 dederant,

113 959 315 1010 paenituit.
376 960 621 1008 inexplorato
648 959 879 1008 pabulatum
908 959 1088 997 cohortes
1110 959 1248 998 misere
1263 973 1274 1007 3
1303 959 1445 1010 quibus
1465 971 1489 1005 4

113 1026 217 1063 velut
256 1024 543 1071 circumventis,
578 1037 667 1062 cum
707 1023 747 1062 id
785 1024 882 1061 falso
921 1023 1144 1062 nuntiatum
1183 1032 1296 1072 esset,
1336 1026 1444 1074 dum,

66 1112 95 1136 ις,
112 1090 307 1140 praesidio
346 1098 388 1128 ut
428 1097 570 1137 essent,
609 1089 715 1127 citati
754 1090 938 1138 feruntur,
979 1102 1030 1128 ne
1078 1098 1235 1129 auctore
1284 1090 1445 1140 quidem

112 1163 323 1203 asservato,
363 1155 430 1205 qui
477 1168 545 1194 eos
593 1155 715 1193 hostis
764 1154 927 1193 Latinus
974 1169 1043 1205 pro
1092 1156 1213 1195 milite
1261 1157 1445 1195 Romano

112 1221 314 1259 frustratus
351 1224 444 1267 erat,
486 1219 560 1269 ipsi
600 1219 639 1257 in
678 1219 839 1257 insidias
884 1219 1199 1270 praecipitavere.
1259 1220 1312 1259 ibi
1349 1222 1444 1260 dum
1466 1234 1485 1273 5

111 1284 248 1335 iniquo
285 1287 384 1330 loco,
416 1286 500 1323 sola
536 1285 676 1323 virtute
713 1283 880 1323 militum
917 1292 1119 1332 restantes,
1151 1285 1321 1323 caedunt
1360 1299 1444 1325 cae-

113 1350 345 1400 dunturque,
377 1357 502 1387 castra
532 1348 685 1386 interim
718 1350 912 1395 Romana,
944 1348 1112 1387 iacentia
1142 1349 1181 1387 in
1212 1359 1364 1399 campo,
1394 1352 1444 1389 ab

61 1435 95 1452 20
111 1416 231 1454 altera
249 1422 359 1465 parte
379 1415 512 1453 hostes
533 1414 720 1452 invasere.
778 1414 828 1452 ab
850 1413 1017 1452 ducibus
1037 1414 1245 1464 utrobique
1265 1415 1445 1465 proditae
1463 1423 1486 1459 6

112 1479 331 1518 temeritate
362 1486 479 1529 atque
511 1477 663 1516 inscitia
693 1491 778 1526 res,
816 1477 1005 1528 quicquid
1039 1479 1227 1528 superfuit
1264 1480 1444 1519 fortunae

112 1544 251 1595 populi
272 1543 456 1590 Romani,
477 1543 518 1582 id
543 1543 709 1581 militum
737 1542 855 1582 etiam
883 1544 966 1581 sine
986 1552 1135 1582 rectore
1156 1543 1304 1582 stabilis
1325 1544 1444 1584 virtus

112 1617 238 1648 tutata
266 1616 333 1648 est.
393 1621 495 1658 quae
531 1607 599 1646 ubi
637 1609 809 1646 Romam
840 1616 929 1646 sunt
959 1609 1092 1655 relata,
1124 1608 1295 1658 primum
1325 1609 1444 1648 dicta·
1465 1625 1484 1661 7

112 1682 236 1713 torem
273 1673 352 1712 dici
390 1673 596 1723 placebat,
644 1672 800 1719 deinde,
841 1679 1050 1722 postquam
1091 1673 1247 1723 quietae
1289 1687 1350 1712 res
1396 1687 1444 1713 ex

63 1756 94 1781 25
112 1740 265 1778 Volscis
303 1739 565 1777 afferebantur
602 1745 640 1775 et
678 1736 870 1787 apparuit,
910 1736 1061 1776 nescire
1098 1751 1166 1777 eos
1207 1738 1369 1777 victoria
1406 1747 1444 1778 et

111 1813 289 1855 tempore
316 1805 383 1852 uti,
404 1803 575 1843 revocati
603 1802 720 1841 etiam
748 1803 840 1841 inde
868 1804 1057 1842 exercitus
1085 1817 1129 1842 ac
1150 1805 1283 1851 duces,
1306 1804 1443 1843 otium·
1461 1813 1484 1849 8

112 1884 189 1921 que
214 1871 318 1917 inde,
340 1877 529 1920 quantum
556 1883 579 1907 a
606 1869 771 1917 Volscis,
793 1869 863 1907 fuit
877 1882 888 1917 ς
917 1870 958 1908 id
985 1870 1107 1909 modo
1133 1877 1306 1909 extremo
1337 1884 1443 1909 anno

112 1934 404 1979 tumultuatum,
426 1932 533 1982 quod
562 1931 812 1979 Praenestini,
837 1931 1042 1970 concitatis
1070 1931 1301 1971 Latinorum
1321 1946 1443 1983 popu-

111 1997 170 2045 lis,
208 1997 454 2036 rebellarunt.
512 1997 654 2035 eodem
693 2009 798 2034 anno
846 1996 1005 2043 Setiam,
1045 1996 1138 2046 ipsis
1185 1997 1484 2048 querentibus9

63 2079 96 2103 30
112 2061 315 2112 penuriam
343 2061 560 2107 hominurn,
589 2060 681 2099 novi
711 2061 842 2099 coloni
871 2061 1056 2111 adscripti
1072 2074 1082 2108 ;
1111 2062 1307 2112 rebusque
1334 2063 1441 2101 haud

112 2126 307 2178 prosperis
333 2127 437 2165 bello
464 2126 681 2165 domestica
707 2126 827 2175 quies,
851 2139 970 2176 quam
999 2126 1245 2165 tribunorum
1274 2127 1440 2166 militum

112 2204 161 2231 ex
198 2193 315 2242 plebe
351 2190 475 2241 gratia
503 2192 766 2240 maiestasque
794 2190 896 2230 inter
924 2204 1017 2230 suos
1046 2180 1226 2239 obtinuit,
1258 2192 1441 2233 solatium

112 2256 193 2295 fuit.
