1586 2460
116 83 162 130 56
702 81 858 117 ΜΗ]

74 196 256 232 9magna
289 196 366 220 non
403 181 686 230 accipiamus’?
741 183 809 220 sed
849 195 950 231 quae
989 184 1147 220 tandem
1186 183 1259 220 ista
1292 195 1440 220 merces

115 255 184 294 est,
206 259 282 296 qua
310 259 378 283 vos
405 258 558 295 semper
586 245 763 283 tribunos
792 244 917 294 plebis
949 246 1188 284 habeamus?
1247 250 1305 284 ‘ut
1335 257 1441 294 roga-

116 310 258 350 tiones⁷
279 309 406 358 inquit
434 312 612 356 ‘nostras,
633 322 701 347 seu
722 310 881 358 placent
901 322 969 347 seu
996 309 1217 359 displicent,
1239 322 1307 348 seu
1329 309 1441 348 utiles

53 393 96 417 10
114 389 182 414 seu
204 374 360 413 inutiles
381 382 480 421 sunt,
499 387 638 411 omnes
658 373 901 412 coniunctim
917 373 1139 424 accipiatis.'
1178 375 1342 414 obsecro
1358 387 1440 421 vos,

115 437 316 489 Tarquinii
336 438 479 476 tribuni
500 437 635 487 plebis,
658 445 793 487 putate
813 451 876 476 me
896 451 945 476 ex
965 438 1093 477 media
1114 438 1299 478 contione
1319 452 1439 477 unum

115 505 238 544 civem
260 504 519 542 succlamare:
551 504 675 541 ‘bona
695 502 810 541 venia
833 511 958 541 vestra
984 503 1100 542 liceat
1119 517 1168 543 ex
1184 503 1254 559 'his
1273 503 1439 555 rogatio-

116 570 229 608 nibus
256 571 393 619 legere,
417 582 514 618 quas
541 569 713 607 salubres
741 568 855 607 nobis
883 582 1088 607 censemus
1115 582 1212 616 esse,
1239 568 1441 619 antiquare

53 648 91 671 11
115 635 231 672 alias'
289 634 413 672 ‘non'
448 633 576 684 inquit
612 633 776 681 ‘licebit,
816 642 859 672 ut
904 635 953 672 de
991 635 1124 673 fenore
1167 642 1286 684 atque
1330 633 1440 684 agris,

114 700 221 749 quod
250 700 297 737 ad
328 712 397 737 vos
427 711 564 737 omnes
592 699 771 748 pertinet,
802 699 949 746 iubeas,
979 707 1018 738 et
1051 700 1127 738 hoc
1160 699 1331 749 portenti
1362 713 1442 738 non

115 765 180 802 fiat
200 763 239 801 in
261 764 353 802 urbe
376 765 568 810 Romana,
586 763 643 801 uti
666 765 706 801 L.
726 762 899 801 Sextium
921 770 1039 813 atque
1059 764 1164 802 hunc
1184 765 1228 803 C.
1247 763 1440 802 Licinium

115 830 306 875 consules,
345 829 450 878 quod
489 828 712 878 indignaris,
752 829 859 878 quod
896 828 1146 876 abominaris,
1179 828 1335 877 videas;
1375 837 1442 867 aut

53 908 93 931 12
116 893 248 932 omnia
273 893 419 943 accipe,
450 901 517 932 aut
546 894 643 931 nihil
673 895 776 932 fero.7
833 902 875 932 ut
906 894 938 932 si
970 894 1056 944 quis
1087 896 1134 941 ei,
1162 907 1281 944 quem
1310 903 1450 944 urgeat.

116 960 248 1005 fames,
275 972 469 998 venenum
498 966 619 1008 ponat
645 973 736 997 cum
764 960 854 998 cibo
881 967 919 999 et
945 967 1012 998 aut
1035 961 1231 999 abstinere
1251 973 1312 1008 eo,
1333 960 1443 1010 quod

115 1023 229 1062 vitale
259 1024 318 1070 sit,
347 1023 479 1063 iubeat
505 1033 571 1063 aut
600 1025 842 1064 mortiferum
872 1025 978 1063 vitali
1008 1024 1232 1064 admisceat.
1291 1038 1383 1075 ergo
1411 1024 1443 1063 si

116 1098 216 1128 esset
236 1090 356 1128 libera
381 1077 480 1128 haec
506 1089 651 1137 civitas,
674 1104 755 1129 non
782 1090 852 1128 tibi
872 1092 1094 1140 frequentes
1115 1092 1441 1130 succlamassent:

117 1155 204 1194 ‘abi
237 1154 328 1194 hinc
358 1169 448 1194 cum
479 1156 737 1195 tribunatibus
767 1171 812 1195 ac
846 1156 1114 1207 rogationibus
1143 1155 1264 1195 tuis'?
1318 1155 1444 1205 quid?

116 1219 147 1257 si
181 1227 220 1257 tu
255 1233 334 1258 non
369 1220 511 1267 tuleris,
547 1222 655 1270 quod
690 1222 946 1260 commodum
982 1229 1039 1259 est
1077 1222 1225 1271 populo
1254 1220 1442 1271 accipere,

52 1301 95 1335 13
117 1298 233 1323 nemo
257 1285 336 1331 erit,
366 1285 432 1335 qui
459 1287 578 1324 ferat?
634 1286 731 1324 illud
758 1286 789 1324 si
816 1286 903 1335 quis
932 1286 1126 1336 patricius,
1155 1285 1186 1324 si
1216 1285 1314 1336 quis,
1335 1288 1444 1335 quod

117 1350 169 1387 illi
201 1352 336 1388 volunt
371 1350 601 1389 invidiosius
632 1365 728 1398 esse,
764 1351 952 1391 Claudius
986 1351 1153 1390 diceret:
1190 1354 1273 1389 ‘aut
1311 1351 1445 1390 omnia

116 1415 293 1465 accipite,
333 1424 399 1454 aut
438 1416 533 1454 nihil
578 1418 685 1463 fero‚'
723 1416 810 1466 quis
850 1424 1032 1463 vestrum,
1073 1415 1256 1465 Quirites,
1302 1417 1445 1455 ferret?

53 1496 97 1528 14
118 1494 369 1530 nunquamne
397 1495 467 1520 vos
495 1495 554 1521 res
588 1482 718 1532 potius
753 1495 871 1532 quam
902 1489 1080 1520 auctores
1110 1481 1347 1531 spectabitis,
1374 1482 1445 1520 sed

117 1546 249 1583 omnia
269 1560 434 1596 semper,
457 1560 557 1596 quae
577 1547 823 1597 magistratus
850 1547 914 1586 ille
935 1547 1051 1594 dicet,
1074 1547 1257 1586 secundis
1277 1547 1443 1594 auribus,

52 1625 93 1663 15
117 1623 215 1659 quae
260 1612 309 1649 ab
353 1620 530 1650 nostrum
570 1625 648 1662 quo
688 1612 877 1658 dicentur,
916 1611 1089 1650 adversis
1127 1610 1352 1661 accipietis?
1405 1619 1444 1650 at

116 1675 272 1713 hercule
299 1688 426 1713 sermo
453 1683 511 1714 est
537 1676 698 1715 minime
725 1674 846 1715 civilis
856 1689 866 1722 3
896 1676 1016 1726 quid?
1043 1675 1194 1729 rog—ataeio
1220 1675 1347 1725 qualis
1373 1682 1442 1722 est,

118 1753 234 1788 quam
263 1754 286 1777 a
312 1740 422 1779 vobis
448 1740 693 1790 antiquatam
719 1740 994 1791 indignantur?
1050 1740 1231 1788 sermoni,
1260 1739 1442 1789 Quirites,

118 1803 319 1842 simillima.
383 1806 607 1844 ‘consules’
633 1804 770 1854 inquit,
800 1807 928 1855 ‘rogo,
956 1818 1006 1844 ne
1032 1805 1155 1853 vobis,
1182 1817 1280 1854 quos
1306 1804 1442 1852 velitis,

54 1872 97 1904 ιο
118 1870 241 1908 facere
261 1870 399 1908 liceat?
455 1884 504 1909 an
531 1870 642 1909 aliter
668 1878 789 1921 rogat,
811 1870 876 1920 qui
903 1871 1038 1920 utique
1064 1871 1227 1909 alterum
1253 1883 1302 1909 ex
1329 1870 1444 1919 plebe

119 1934 198 1971 fieri
225 1937 427 1974 consulem
454 1936 563 1975 iubet
591 1949 664 1974 nec
691 1937 792 1974 duos
819 1936 1002 1985 patricios
1029 1934 1186 1974 creandi
1207 1942 1443 1985 potestatem

55 2009 95 2046 17
120 1999 229 2037 vobis
256 2001 468 2049 permittit?
523 2002 562 2039 si>
581 1998 705 2040 hodie
730 2003 832 2040 bella
859 2002 946 2048 sint,
977 2002 1091 2051 quale
1125 2003 1333 2039 Etruscum
1361 1999 1444 2045 fuit,

119 2076 206 2100 cum
246 2065 436 2102 Porsinna
474 2065 694 2103 Ianiculum
732 2065 886 2114 insedit,
923 2067 1038 2116 quale
1077 2065 1271 2104 Gallicum
1312 2065 1443 2111 modo,

119 2138 207 2162 cum
235 2135 386 2175 praeter
413 2129 652 2178 Capitolium
679 2138 797 2180 atque
826 2143 956 2168 arcem
986 2129 1119 2182 omnia
1147 2130 1246 2168 haec
1274 2128 1442 2167 hostium

120 2199 300 2246 erana-et
325 2195 572 2231 consulatum
599 2207 687 2231 cum
716 2195 792 2232 hoc
820 2196 876 2232 M.
902 2194 1017 2232 Furio
1045 2201 1083 2232 et
1103 2192 1281 2243 quolibet
1301 2192 1377 2230 alio
1399 2204 1446 2230 ex

119 2254 291 2303 patribus
323 2258 364 2293 L.
396 2257 459 2294 ille
493 2257 647 2296 Sextius
680 2266 840 2307 peteret,
872 2257 1093 2307 possetisne
1132 2259 1239 2305 ferre,
1271 2255 1445 2295 Sextium

1464 781 1494 798 10

1463 1109 1494 1134 ι5

1463 1431 1496 1448 20

1464 1757 1495 1783 25

1463 2079 1497 2104 30
