1586 2460
609 74 797 110 LIBER
846 74 908 110 Η.
1378 88 1421 124 31

77 190 189 214 *num
210 178 363 214 hostem
387 175 537 214 missae.
598 176 726 225 itaque
748 190 795 214 ex
820 185 976 214 senatus
1003 179 1184 214 consulto
1211 177 1424 226 populique
1443 190 1466 222 4

95 241 201 291 iussu
227 241 374 280 belluni
401 240 663 279 Praenestinis
694 241 908 288 imlictuin3
944 241 1010 290 qui
1040 241 1241 278 coniuncti
1270 241 1424 279 Volscis

86 298 198 344 'anno
233 305 466 354 insequente
496 304 701 352 Satricum,
732 304 927 342 coloniam
960 305 1094 354 populi
1126 305 1308 352 Romani,
1339 319 1422 354 per-

94 371 271 410 tinaciter
303 384 327 408 a
359 370 511 409 colonis
545 371 759 417 defensam,
795 370 832 408 vi
863 378 1131 421 expugnarunt
1161 372 1354 420 foedeque
1384 371 1424 408 in

60 454 74 478 5
93 435 216 486 captis
244 448 452 474 exercuere
480 434 694 473 victoriam.

93 587 157 611 B.C.
191 580 264 619 381.
316 579 486 616 Camillus,
522 579 631 609 elected
659 580 806 619 milimry
837 580 968 610 tribune
986 579 1049 620 sor
1077 580 1130 610 the
1158 580 1246 610 sz‘xllc
1277 579 1364 617 lime,
1398 579 1425 609 is

177 633 351 674 appointed
363 637 392 663 lo
407 633 458 663 llze
475 634 649 664 command
666 633 707 674 qs
719 634 771 664 tlte
795 634 806 663 Ι
816 634 942 664 'olsce'an
964 645 1045 672 war,
1065 635 1135 664 and
1152 634 1237 664 lcaals
1257 634 1309 663 his
1330 644 1425 673 army

177 686 308 727 against
321 686 498 717 Satricum.
555 687 587 717 T
582 687 620 718 lte
640 698 726 717 mem
723 699 749 727 y
763 698 820 718 arc
834 688 1061 728 papas-alfar
1080 689 1174 725 them,
1195 688 1265 717 αιιιί
1282 687 1425 717 anxious

175 746 207 780 so
217 741 320 782 fight.
366 742 406 773 L.
434 742 571 778 Furius,
595 744 750 783 collt'czgrue
770 744 810 784 os
829 744 998 779 Camillus,
1021 744 1058 774 in
1081 744 1160 783 spite
1179 743 1220 782 os
1233 743 1285 773 llze
1303 741 1424 773 latter’s

46 811 76 827 ιο
177 796 292 834 advice,
313 796 502 827 determines
517 802 546 826 lo
557 798 631 836 give
645 798 739 827 battle
753 802 788 828 at
803 808 885 828 once.

131 714 142 730 Χ

173 898 273 934 Eam
307 910 388 935 rem
422 910 537 947 aegre
573 898 674 946 passi
715 898 883 936 Romani
924 900 978 936 M.
1014 898 1172 936 Furium
1212 899 1421 938 Camillum
1443 912 1461 949 5

92 968 243 999 sextum
273 960 471 999 tribunum
502 961 670 999 militum
701 976 888 1001 creavere.
948 962 1072 1001 additi
1101 965 1273 1012 collegae
1303 965 1350 1001 A.
1385 971 1423 1002 et

93 1026 133 1062 L.
166 1025 358 1063 Postumii
385 1025 630 1074 Regillenses
659 1039 704 1063 ac
737 1027 778 1064 L.
811 1026 948 1064 Furius
978 1041 1068 1065 cum
1100 1029 1141 1065 L.
1173 1028 1354 1066 Lucretio
1386 1035 1423 1066 et

95 1091 150 1127 M.
193 1088 316 1128 Fabio
355 1090 560 1129 Ambusto.
630 1092 819 1129 Volscum
865 1093 1009 1129 bellum
1058 1093 1113 1129 M.
1155 1091 1272 1130 Furio
1317 1099 1463 1135 extra6

48 1175 75 1199 15
93 1155 270 1193 ordinem
309 1156 536 1203 decretum;
583 1156 737 1195 adiutor
775 1170 821 1195 ex
859 1157 1022 1195 tribunis
1061 1165 1163 1195 sorte
1204 1159 1244 1195 L.
1284 1157 1424 1195 Furius

93 1221 216 1267 datur,
248 1232 329 1258 non
352 1227 434 1258 tam
463 1233 484 1258 e
510 1234 549 1259 re
576 1221 743 1270 publica,
769 1235 887 1270 quam
915 1229 957 1260 ut
984 1223 1158 1271 collegae
1185 1221 1345 1260 materia
1373 1221 1424 1259 ad

93 1297 252 1323 omnem
272 1285 430 1323 laudem
451 1293 563 1333 esset,
588 1293 626 1323 et
653 1285 820 1335 publice,
850 1287 959 1335 quod
985 1299 1068 1324 rem
1095 1286 1312 1324 temeritate
1340 1285 1423 1325 eius

92 1350 314 1399 prolapsam
352 1349 528 1395 restituit,
571 1358 608 1388 et
647 1350 837 1400 privatim,
875 1352 981 1400 quod
1018 1365 1064 1389 ex
1098 1364 1225 1389 errore
1258 1351 1423 1400 gratiam

93 1413 224 1464 potius
255 1414 337 1452 eius
371 1413 444 1453 sibi
478 1428 596 1464 quam
631 1428 739 1452 suam
775 1415 935 1464 gloriam
971 1415 1091 1465 petiit.
1153 1424 1314 1454 exactae
1345 1415 1422 1454 iam
1443 1433 1463 1469 7

45 1498 78 1515 ,ο
93 1477 230 1516 aetatis
264 1478 454 1518 Camillus
489 1488 580 1526 erat,
617 1479 864 1530 comitiisque
900 1480 1023 1518 iurare
1058 1488 1194 1529 parato
1229 1481 1269 1518 in
1303 1482 1423 1519 verba

93 1545 342 1582 excusandae
381 1544 595 1583 valetudini
634 1544 747 1582 solita
786 1558 1002 1583 consensus
1036 1545 1172 1595 populi
1205 1545 1423 1593 restiterat;

94 1609 163 1646 sed
193 1616 374 1657 vegetum
404 1608 603 1658 ingenium
634 1608 673 1646 in
704 1609 835 1647 vivido
866 1618 1024 1659 pectore
1061 1609 1228 1659 vigebat,
1262 1610 1426 1649 virebat-

95 1687 171 1723 que
205 1673 362 1723 integris
397 1673 586 1719 sensibus,
623 1682 661 1712 et
692 1674 824 1712 civiles
855 1674 931 1712 iam
961 1689 1021 1714 res
1050 1676 1155 1714 haud
1185 1689 1424 1726 magnopere

95 1740 309 1778 obeuntem
331 1740 434 1777 bella
454 1738 689 1777 excitabant.
749 1748 932 1788 quattuor
951 1740 1170 1790 legionibus
1192 1748 1423 1790 quaternum
1443 1751 1465 1786 3

45 1820 76 1843 25
95 1803 257 1842 millium
296 1803 459 1853 scriptis,
500 1805 669 1842 exercitu
710 1803 858 1842 indicto
896 1805 946 1842 ad
984 1812 1137 1854 portam
1178 1805 1422 1855 Esquilinam

94 1868 134 1907 in
153 1876 350 1919 posteram
377 1868 494 1915 diem,
516 1869 567 1906 ad
595 1868 787 1907 Satricum
815 1870 1025 1918 profectus.
1084 1868 1137 1908 ibi
1165 1883 1254 1908 eum
1283 1883 1425 1920 expug-
1444 1887 1466 1922 9

95 1940 251 1973 natores
282 1933 461 1972 coloniae
495 1934 803 1983 haudquaquam
837 1933 1017 1983 perculsi,
1055 1935 1222 1974 fidentes
1256 1935 1424 1974 militum

95 2011 271 2045 numero,
294 2011 373 2047 quo
393 1998 637 2047 aliquantum
657 1999 921 2048 praestabant,
944 1999 1258 2048 opperiebantur.
1317 2008 1424 2050 post-

95 2075 213 2112 quam
261 2062 577 2112 appropinquare
628 2064 830 2100 Romanos
878 2071 1093 2109 senserunt,
1140 2064 1339 2114 extemplo
1384 2063 1424 2102 in

47 2146 80 2171 30
95 2127 221 2166 aciem
254 2128 482 2177 procedunt,
518 2127 614 2165 nihil
648 2127 814 2176 dilaturi,
857 2126 951 2176 quin
991 2129 1208 2177 periculum
1247 2141 1424 2168 summae

95 2205 222 2230 rerum
242 2193 438 2231 facerent:
468 2192 522 2230 ita
542 2191 729 2241 paucitati
749 2191 920 2230 hostium
941 2191 1036 2230 nihil
1056 2200 1157 2231 artes
1178 2192 1423 2242 imperatoris

96 2254 211 2303 unici,
235 2254 375 2305 quibus
397 2255 489 2294 solis
510 2256 764 2302 confiderent,
786 2257 1008 2304 profuturas
1030 2269 1125 2303 esse.
1184 2257 1289 2294 idem
1309 2258 1425 2296 ardor
1443 2262 1503 2307 23

197 2345 239 2371 M.
265 2343 296 2371 L.
321 2343 372 2372 vl.
753 2348 755 2350 ·
1158 2350 1160 2353 ’
1301 2345 1321 2380 3
