1586 2460
140 84 182 116 [4
725 69 875 105 LJVH

217 175 251 204 in
272 173 358 213 rcfly
373 178 403 202 lo
419 183 438 202 a
455 173 598 203 ‹r'clmiml
615 177 645 202 to
664 177 798 202 accium!
809 172 871 214 sor
891 173 975 202 llm'r
995 172 1056 203 lale
1073 173 1207 203 condus!
1226 172 1374 202 dt‘sclat'm
1390 182 1461 202 con-

219 228 335 257 nexion
353 226 431 256 wilh
449 227 536 256 their
549 227 684 263 citizens,
707 226 776 256 who
791 227 902 256 servet(
911 226 988 256 willa
1001 226 1052 256 the
1065 226 1078 255 l
1086 225 1235 261 blscians,
1247 226 1318 256 and
1329 225 1460 266 explain

216 279 372 320 llmlst'ar
386 279 426 321 (gf
433 280 484 310 tlte
503 280 664 310 Volsci'ans
680 281 739 311 lias
755 281 826 310 bem
843 281 928 311 their
941 281 998 310 un!
993 291 1017 320 y
1027 291 1138 312 reason
1145 280 1207 321 sor
1219 285 1274 311 not
1285 280 1464 322 supplying

217 336 303 366 [stu-sa*
318 336 502 375 contingent
518 335 701 376 ty‘solill'crs.

212 432 428 471 Videbatur
449 434 535 482 plus
556 432 594 470 in
617 446 662 471 ea
682 435 775 471 urbe
796 433 1021 483 recipienda
1042 434 1184 472 laboris
1200 435 1293 480 fore,
1315 447 1396 472 non
1412 447 1460 472 eo
1479 453 1494 477 5

132 499 269 545 solum,
292 499 400 547 quod
422 505 503 536 tota
523 498 694 536 hostium
716 506 807 545 erat,
830 500 900 537 sed
920 498 1038 537 etiam
1063 499 1170 548 quod
1196 506 1305 548 parte
1333 500 1458 549 Nepe-

93 581 110 605 2
131 563 302 601 sinorum
329 563 523 613 prodente
544 562 741 602 civitatem
763 565 864 601 sacta
888 571 970 602 erat
997 563 1147 602 deditio
1161 577 1172 611 3
1201 562 1301 602 mitti
1328 572 1457 602 tamen
1487 564 1490 567 ’

131 630 179 666 ad
209 628 403 678 principes
433 641 568 666 eorum
598 628 754 677 placuit,
789 635 830 666 ut
860 636 1108 667 secernerent
1137 641 1178 667 se
1207 629 1257 667 ab
1287 628 1460 667 Etruscis

134 695 344 743 fidemque,
368 706 486 743 quam
515 693 789 743 implorassent
809 695 859 731 ab
886 694 1091 741 Romanis,
1114 693 1186 743 ipsi
1208 701 1456 743 praestarent.

91 774 112 809 3
134 760 238 797 unde
268 772 356 796 cum
391 771 622 807 responsum
652 759 813 796 allatum
849 767 962 804 esset,
999 759 1094 796 nihil
1129 772 1221 797 suae
1255 760 1460 808 potestatis
1481 777 1512 793 ιο

131 838 227 871 esse,
251 819 436 861 Etruscos
458 822 614 862 moenia
634 822 911 872 custodiasque
940 832 1139 872 portarum
1168 831 1311 872 tenere,
1334 824 1460 874 primo

90 906 113 939 4
131 888 450 939 populationibus
480 888 559 938 agri
590 896 710 927 terror
739 897 797 927 est
827 887 1037 938 oppidanis
1067 889 1274 939 admotusj
1303 888 1458 935 deinde,

132 963 343 1005 postquam
382 953 597 992 deditionis
636 967 753 1003 quam
793 953 991 992 societatis
1028 955 1126 992 fides
1165 954 1334 992 sanctior
1367 963 1458 1000 erat,

131 1020 298 1058 fascibus
327 1027 612 1057 sarmentorum
643 1032 691 1058 ex
719 1032 812 1068 agro
846 1019 1008 1066 collatis,
1046 1020 1186 1057 ductus
1220 1019 1270 1057 ad
1304 1018 1462 1057 moenia

131 1086 335 1130 exercitus,
366 1084 654 1134 completisque
688 1083 802 1122 fossis
837 1086 967 1122 scalae
995 1085 1192 1131 admotae,
1223 1091 1261 1122 et
1291 1085 1461 1122 clamore
1484 1104 1511 1126 1,-

92 1169 110 1206 5
132 1151 256 1201 primo
270 1151 500 1200 impetuque
517 1150 707 1200 oppidum
729 1150 890 1199 capitur.
942 1149 1152 1200 Nepesinis
1168 1149 1260 1188 inde
1275 1149 1459 1196 edictum,

133 1226 173 1255 ut
201 1230 309 1254 arma
337 1223 500 1266 ponant,
532 1216 717 1266 parcique
748 1216 897 1254 iussum
932 1216 1094 1263 inermi3
1136 1216 1290 1254 Etrusci
1323 1218 1463 1266 pariter

132 1282 268 1320 armati
289 1290 406 1331 atque
427 1281 595 1320 inermes
616 1281 730 1320 caesi.
792 1281 1083 1331 Nepesinorum
1105 1293 1264 1330 quoque
1284 1288 1463 1320 auctores

134 1347 347 1385 deditionis
387 1347 513 1385 securi
551 1346 750 1396 percussi3
793 1347 977 1384 innoxiae
1013 1345 1254 1384 multitudini
1287 1346 1462 1390 redditae

91 1414 112 1449 6
132 1425 201 1458 res,
249 1412 524 1461 oppidumque
569 1425 660 1449 cum
708 1411 902 1461 praesidio
948 1411 1137 1449 relictum.
1213 1410 1267 1449 ita
1310 1411 1463 1449 duabus
1483 1432 1514 1449 20

133 1476 247 1514 sociis
268 1476 429 1514 urbibus
450 1489 497 1514 ex
517 1477 631 1515 hoste
658 1476 836 1526 receptis,
859 1475 1047 1515 victorem
1075 1475 1287 1514 exercitum
1317 1475 1460 1514 tribuni

133 1554 220 1577 cum
244 1553 385 1590 magna
404 1539 525 1590 gloria
547 1542 715 1578 Romam
738 1541 985 1578 reduxerunt.

216 1606 368 1643 Eodem
419 1617 523 1642 anno
569 1605 618 1643 ab
666 1604 813 1642 Latinis
862 1604 1126 1654 Hernicisque
1170 1617 1230 1642 res
1274 1603 1464 1654 repetitae

134 1669 447 1719 quaesitumque,
479 1683 546 1707 cur
573 1682 642 1718 per
671 1683 739 1708 eos
765 1683 892 1708 annos
916 1669 1081 1708 militem
1109 1683 1156 1708 ex
1183 1668 1362 1708 instituto
1382 1683 1464 1708 non

95 1734 346 1784 7dedissent.
406 1747 637 1784 responsum
673 1734 866 1783 frequenti
901 1726 1099 1783 utriusque
1132 1733 1259 1784 gentis
1296 1734 1465 1772 concilio
1484 1754 1516 1777 25

135 1807 204 1846 est,
227 1812 300 1837 nec
321 1800 479 1849 culpam
498 1799 538 1837 in
565 1812 614 1841 eo
640 1800 840 1849 publicam
867 1812 941 1837 nec
970 1798 1178 1838 consilium
1204 1797 1335 1846 fuisse,
1356 1799 1465 1848 quod

93 1869 116 1904 8
135 1876 228 1902 suae
248 1863 460 1902 iuventutis
480 1863 600 1913 aliqui
620 1864 726 1913 apud
747 1864 914 1914 Volscos
935 1862 1184 1902 militaverint
1196 1876 1208 1910 ;
1237 1875 1306 1901 eos
1332 1869 1466 1901 tamen

135 1928 240 1978 ipsos
270 1928 376 1978 pravi
406 1929 558 1967 consilii
589 1942 759 1979 poenam
789 1929 946 1975 habere,
973 1942 1048 1967 nec
1076 1916 1316 1979 quemquam
1347 1940 1397 1967 ex
1420 1926 1467 1966 iis

135 1994 319 2031 reducem
359 2006 470 2040 esse;
520 1993 652 2031 militis
690 2001 822 2031 autem
857 2007 936 2032 non
971 1994 1053 2032 dati
1088 2005 1246 2030 causam
1282 2000 1466 2031 terrorem

137 2058 336 2095 assiduum
357 2072 379 2096 a
400 2059 554 2096 Volscis
575 2059 704 2104 fuisse,
727 2072 845 2107 quam
872 2067 1026 2107 pestem
1053 2058 1331 2096 adhaerentem
1357 2056 1467 2096 lateri
1486 2076 1520 2099 30

96 2134 208 2173 9suo
243 2130 299 2160 tot
335 2136 453 2172 super
489 2123 563 2161 alia
601 2123 684 2161 aliis
719 2123 833 2161 bellis
871 2122 1062 2162 exhauriri
1100 2122 1296 2172 nequisse.
1353 2123 1466 2170 Quae

137 2187 256 2224 relata
286 2187 460 2235 patribus
492 2187 614 2237 magis
641 2195 797 2237 tempus
826 2201 944 2238 quam
972 2200 1130 2225 causam
1157 2200 1236 2225 non
1263 2186 1348 2224 visa
1375 2186 1467 2225 belli

138 2249 292 2288 habere.
