1586 2460
113 84 163 117 40
705 68 858 104 JJVJJ

115 175 342 223 intentique,
377 172 572 211 “videsne
613 174 688 210 tu”
728 171 866 221 inquit,
899 176 921 193 “
936 174 981 211 A.
1013 171 1232 222 Semproni,
1263 171 1339 211 loci
1369 172 1442 211 for-

115 248 207 278 tuna
225 240 307 277 illos
325 240 442 277 fretos
462 239 512 276 ad
529 238 657 276 Aliam
673 237 921 276 constitisse?
952 251 1026 277 nec
1045 238 1118 276 illis
1141 238 1181 277 di
1200 237 1443 278 immortales

114 303 285 343 certioris
334 303 543 353 quicquam
590 301 768 349 fiduciae,
811 301 1016 341 maiorisve
1063 303 1170 352 quod
1209 302 1258 342 sit
1301 303 1443 351 auxilii,

73 383 91 407 2
115 369 302 407 dederint.
361 376 400 406 at
438 376 492 416 tu,
523 369 640 407 fretus
679 367 794 406 armis
833 367 1063 417 animisque,
1094 367 1300 407 concitatis
1335 367 1445 418 equis

113 433 256 471 invade
293 432 465 471 mediam
503 431 652 480 aciem5
692 445 766 482 ego
804 445 894 470 cum
932 432 1152 483 legionibus
1191 432 1230 471 in
1268 434 1480 477 turbatoss

114 498 433 548 trepidantesque
460 497 621 536 inferam
649 498 768 546 signa.
830 498 977 545 adeste,
999 497 1040 536 di
1067 504 1186 536 testes
1206 497 1385 545 foederis,
1407 505 1446 537 et

117 562 284 612 expetite
316 576 465 612 poenas
497 562 648 601 debitas
681 562 796 601 simul
831 563 942 601 vobis
971 561 1124 602 violatis
1155 562 1349 613 nobisque
1377 576 1447 614 per

72 643 93 679 3
115 636 285 667 vestrum
332 642 479 667 numen
527 627 740 678 deceptis.''
795 641 877 666 non
925 628 1110 679 equitem,
1151 642 1231 668 non
1270 628 1445 679 peditem

115 693 331 732 sustinuere
360 692 613 732 Praenestini.
671 692 797 743 primo
823 693 972 743 impetu
998 706 1045 732 ac
1071 694 1244 732 clamore
1269 692 1446 743 dissipati

115 759 270 798 ordines
301 766 414 806 sunt;
453 758 546 797 dein
584 765 796 808 postquam
826 759 934 797 nullo
965 760 1054 797 loco
1089 759 1295 798 constabat
1328 758 1445 806 acies,
1469 781 1499 798 10

114 832 220 874 terga
256 830 422 871 vertunt,
453 823 772 873 consternatique
810 832 848 863 et
888 832 1041 874 praeter
1071 831 1195 863 castra
1224 822 1340 862 etiam
1379 837 1448 862 sua

115 902 258 938 pavore
284 887 445 938 praelati
472 900 552 926 non
580 888 685 937 prius
711 901 753 927 se
779 890 830 927 ab
860 890 983 928 effuso
1012 902 1125 927 cursu
1155 887 1306 934 sistunt,
1328 901 1447 938 quam

72 971 95 1004 4
115 954 154 991 in
185 960 398 1003 conspectu
427 955 637 992 Praeneste
667 953 749 992 fuit.
810 953 863 993 ibi
889 967 937 993 ex
966 955 1056 1004 fuga
1089 952 1264 1004 dissipati
1301 954 1446 1001 locum,

115 1033 231 1068 quem
258 1017 511 1056 tumultuario
539 1031 658 1068 opere
685 1019 987 1066 communirent,
1009 1018 1182 1068 capiunt,
1207 1032 1267 1065 ne,
1291 1017 1322 1056 si
1346 1018 1447 1057 intra

117 1083 274 1122 moenia
300 1097 341 1122 se
368 1082 616 1133 recepissent,
640 1085 840 1134 extemplo
867 1091 1038 1122 ureretur
1066 1096 1156 1133 ager
1185 1082 1449 1133 depopulatis·
1470 1104 1500 1127 15

73 1161 93 1200 5
117 1163 192 1198 que
230 1148 413 1188 omnibus
452 1148 607 1187 obsidio
646 1148 731 1187 urbi
769 1147 981 1187 inferretur.
1041 1149 1112 1187 sed
1140 1155 1364 1198 postquam,
1394 1148 1449 1186 di-

116 1214 235 1264 reptis
261 1215 313 1253 ad
342 1214 473 1252 Aliam
500 1213 648 1261 castris,
671 1213 796 1252 victor
823 1216 1029 1252 Romanus
1056 1214 1203 1260 aderat,
1224 1212 1266 1252 id
1292 1225 1449 1264 quoque

117 1279 404 1318 munimentum
433 1279 623 1325 relictum,
656 1286 694 1317 et
731 1277 794 1316 vix
826 1277 985 1317 moenia
1014 1285 1098 1316 tuta
1126 1277 1198 1316 rati
1227 1277 1380 1327 oppido
1408 1290 1450 1316 se

75 1351 96 1386 6
120 1347 329 1383 Praeneste
367 1344 583 1382 includunt.
643 1351 734 1382 octo
773 1351 974 1393 praeterea
1022 1342 1173 1393 oppida
1221 1350 1331 1382 erant
1377 1344 1450 1382 sub

119 1409 274 1449 dicione
303 1409 644 1448 Praenestinorum
659 1422 670 1456 3
698 1410 749 1447 ad
779 1422 826 1447 ea
855 1408 1126 1447 circumlatum
1156 1408 1314 1455 bellum,
1342 1407 1451 1446 dein·
1470 1428 1502 1444 20

119 1489 290 1526 cepsque
328 1475 433 1514 haud
466 1488 610 1524 magno
645 1474 859 1513 certamine
893 1474 1031 1524 captis,
1062 1473 1229 1512 Velitras
1261 1471 1450 1512 exercitus

79 1555 97 1592 7
119 1543 269 1580 ductus.
330 1554 398 1579 eae
445 1552 603 1590 quoque
649 1546 902 1589 expugnatae.
962 1546 1044 1576 tum
1094 1538 1144 1576 ad
1194 1545 1311 1588 caput
1360 1536 1452 1576 belli

122 1609 329 1646 Praeneste
350 1614 520 1645 ventum.
575 1605 615 1644 id
635 1618 715 1644 non
736 1605 784 1652 vi,
807 1605 875 1643 sed
896 1618 966 1655 per
985 1604 1229 1644 deditionem
1248 1611 1450 1654 receptum

78 1677 100 1712 8
121 1680 189 1711 est.
248 1675 292 1710 T.
323 1670 543 1720 Quinctius,
564 1671 685 1709 semel
706 1669 789 1708 acie
816 1669 949 1715 victor,
972 1668 1075 1708 binis
1102 1667 1238 1707 castris
1264 1667 1450 1716 hostium,

121 1751 262 1776 novem
293 1736 447 1787 oppidis
473 1735 512 1775 vi
538 1735 672 1786 captis,
695 1737 904 1773 Praeneste
930 1733 971 1771 in
1001 1722 1257 1772 deditionem'
1274 1740 1450 1783 accepto,
1472 1755 1503 1780 25

122 1803 291 1840 Romam
312 1800 479 1848 revertit,
497 1799 819 1850 triumphansque
839 1798 993 1848 signum
1016 1799 1223 1836 Praeneste
1245 1797 1452 1837 devectum

79 1882 100 1918 9
124 1866 229 1905 Iovis
255 1865 499 1916 imperatoris
526 1865 565 1903 in
594 1864 835 1914 Capitolium
863 1863 960 1902 tulit.
1019 1862 1244 1902 dedicatum
1271 1869 1330 1901 est
1354 1861 1454 1901 inter

122 1933 259 1970 cellam
301 1931 406 1969 Iovis
445 1944 491 1969 ac
527 1929 741 1977 Minervae,
774 1930 987 1978 tabulaque
1016 1927 1088 1966 sub
1122 1928 1286 1976 eo.fixa,
1318 1940 1452 1966 monu-

123 2005 299 2035 mentum
338 2010 466 2034 rerum
504 2003 711 2046 gestarum,
751 1995 811 2033 his
849 1996 970 2033 ferme
1007 1993 1131 2032 incisa
1176 1992 1311 2032 litteris
1358 1991 1453 2031 fuit:

58 2074 104 2098 10
125 2061 338 2110 “Iuppiter
363 2068 482 2110 atque
508 2059 588 2098 divi
614 2072 753 2098 omnes
779 2060 856 2097 hoc
885 2059 1090 2106 dederunt,
1111 2063 1153 2095 ut
1176 2059 1223 2096 T.
1247 2055 1454 2106 Quinctius
1473 2077 1506 2102 30

124 2125 290 2165 dictator
337 2127 485 2176 oppida
531 2138 673 2164 novem
722 2125 913 2174 caperet.”
976 2123 1041 2162 die
1086 2121 1287 2171 vicesimo,
1335 2134 1453 2172 quam

125 2200 275 2229 creatus
304 2200 395 2236 erat,
427 2191 618 2229 dictatura
647 2203 688 2228 se
717 2189 923 2228 abdicavit.
