1586 2460
631 85 815 121 LIBER
864 85 925 122 VJ.
1391 99 1448 133 49,

116 200 235 237 opem
261 186 473 234 orantibus,
497 186 732 225 verecundia
759 188 927 225 maxime
955 196 1033 225 non
1062 195 1189 236 patres
1216 189 1349 234 modo,
1370 190 1440 227 sed

116 252 234 293 etiam
254 254 411 303 plebem
432 252 563 291 movit.

117 398 184 422 Rc.
202 400 274 432 370.
327 390 426 422 Great
440 390 594 431 dg'fficully
604 391 630 421 is
641 390 846 431 msericucccl
860 391 894 420 in
910 390 1044 431 levying
1053 401 1097 421 an
1110 402 1218 431 army.
1264 392 1439 422 Tusculum

352 445 381 476 is
397 444 531 476 reliez'ed
543 444 614 475 and
636 445 773 475 Velitrae
789 444 925 486 besieged
937 444 995 475 bul
1009 449 1064 475 not
1078 445 1183 475 taken.

82 554 97 579 ς
197 531 504 572 Remittentibus
542 532 705 571 tribunis
743 533 867 583 plebis
907 533 1066 572 comitia
1103 547 1173 583 per
1210 534 1480 584 interregem3

115 605 206 636 sunt
231 598 382 645 habita3
412 598 609 647 creatique
636 597 781 636 tribuni
809 598 976 636 militum
1007 601 1049 636 L.
1079 599 1227 645 Furius,
1256 603 1300 636 A.
1332 601 1441 637 Man-

115 663 200 711 lius,
226 664 304 703 Ser.
334 663 539 713 Sulpicius,
572 665 651 702 Ser.
682 664 900 709 Cornelius,
931 665 970 702 P.
1003 671 1042 702 et
1072 665 1116 703 C.
1147 663 1293 702 Valerii
1321 665 1441 702 haud-

115 740 314 777 quaquam
355 736 436 766 tam
478 728 730 766 obedientem
771 728 810 765 in
850 728 994 766 dilectu
1034 741 1152 777 quam
1191 728 1230 765 in
1274 728 1441 767 comitiis

115 793 272 842 plebem
305 793 496 840 habuere5
535 792 763 842 ingentique
793 792 1049 831 contentione
1083 793 1250 832 exercitu
1285 793 1438 843 scripto,
1460 811 1481 843 4

65 879 97 896 10
114 857 278 907 profecti
311 870 392 895 non
426 858 476 895 ab
514 858 688 895 Tusculo
729 858 848 896 modo
887 870 1133 896 summovere
1171 859 1336 904 hostem,
1371 859 1438 896 sed

114 922 214 961 intra
251 930 402 961 suamet
438 921 567 972 ipsum
613 922 769 960 moenia
807 924 1042 972 compulere,
1084 922 1440 972 obsidebanturque
1459 935 1478 972 5

115 988 220 1026 haud
247 989 365 1038 paulo
393 987 431 1026 vi
459 988 605 1026 maiore
632 987 815 1034 Velitrae,
839 1001 958 1038 quarn
987 989 1204 1026 Tusculum
1235 988 1439 1026 obsessum

114 1053 246 1092 suerat.
305 1065 379 1091 nec
405 1060 535 1091 tamen
561 1054 611 1090 ab
638 1054 705 1099 eis,
725 1066 747 1090 a
773 1053 914 1102 quibus
942 1053 1110 1091 obsideri
1132 1060 1298 1102 coeptae
1319 1060 1438 1098 erant,

115 1117 325 1167 expugnari
353 1125 515 1167 potuere
524 1132 533 1164 3
574 1123 664 1154 ante
695 1118 783 1155 novi
814 1118 931 1155 creati
961 1124 1049 1154 sunt
1084 1116 1228 1155 tribuni
1260 1117 1439 1164 militum,
1459 1124 1481 1158 6

66 1201 96 1223 15
115 1181 163 1229 Q.
192 1180 385 1226 Servilius,
415 1181 458 1219 C.
488 1180 683 1226 Veturius,
712 1183 756 1218 A.
787 1188 824 1218 et
847 1182 900 1218 M.
932 1180 1116 1227 Cornelii,
1146 1182 1196 1230 Q.
1219 1181 1437 1230 QuinctiuS,

117 1247 172 1283 M.
205 1245 358 1283 Fabius.

116 1384 180 1408 ΒΕ.
203 1377 274 1418 369.
331 1377 394 1407 lee
408 1387 480 1407 new
496 1377 646 1417 mililmy
661 1377 807 1408 tribunes
821 1378 949 1409 stzccced
961 1389 1002 1409 no
1018 1379 1113 1409 beller
1127 1384 1163 1409 at
1187 1380 1333 1410 milwae.
1377 1379 1442 1411 Tlte

199 1431 343 1462 tribunes
365 1431 522 1462 re-elected
535 1431 598 1471 fer
617 1431 670 1462 tlte
690 1432 796 1472 ezgrlzllz
820 1433 897 1463 lime
917 1443 1021 1464 renew
1046 1433 1134 1464 llzeir
1153 1434 1313 1473 agitalisn
1336 1435 1441 1465 under

200 1498 287 1519 more
291 1487 464 1529 savorable
477 1487 732 1526 circumstances,
757 1488 804 1519 M.
827 1488 949 1518 Fabius
964 1489 1145 1519 Ambustus
1163 1489 1260 1530 being
1271 1499 1329 1520 one
1343 1490 1383 1530 (ff
1389 1490 1440 1522 tlte

64 1561 96 1578 20
198 1542 254 1572 six
269 1542 418 1580 military
429 1542 571 1572 tribunes
586 1542 653 1572 this
663 1552 754 1581 year.
800 1541 884 1582 They
895 1542 963 1572 add
974 1547 1003 1572 lo
1016 1542 1102 1572 llzez'r
1110 1543 1265 1582 previous
1273 1544 1440 1584 proposals

199 1606 221 1626 a
235 1596 295 1626 hill
306 1600 336 1626 lo
350 1596 483 1637 appoinl
499 1600 550 1626 ten
565 1596 694 1626 instead
699 1595 739 1637 (ff
746 1602 807 1626 {wo
819 1596 1074 1626 eommz'.‹'sz‘0m'7¹s
1089 1596 1186 1627 sacris
1198 1596 1368 1633 faciundis,
1372 1597 1444 1639 five

199 1649 239 1691 of
246 1649 330 1680 them
347 1654 377 1680 to
392 1650 427 1680 be
433 1650 606 1690 plebeiam.

195 1733 304 1772 Nihil
330 1746 381 1772 ne
403 1735 454 1772 ab
480 1734 525 1771 iis
551 1733 709 1783 quidem
737 1732 900 1771 tribunis
927 1735 978 1772 ad
1001 1733 1167 1772 Velitras
1188 1735 1440 1775 memorabile

113 1799 270 1837 factum.
328 1798 369 1835 in
395 1798 542 1836 maiore
569 1796 791 1836 discrimine
818 1797 927 1835 domi
953 1809 1012 1835 res
1032 1799 1290 1836 vertebantur.
1349 1813 1438 1837 nam
1460 1814 1478 1851 7

63 1884 94 1907 25
114 1869 265 1912 praeter
292 1861 465 1901 Sextium
497 1861 771 1910 Liciniumque
800 1862 941 1899 latores
974 1862 1114 1911 legum,
1146 1862 1223 1900 iam
1257 1871 1439 1901 octavum

113 1927 292 1966 tribunos
319 1928 446 1977 plebis
474 1928 652 1972 refectos,
683 1925 826 1964 Fabius
861 1939 1018 1976 quoque
1051 1926 1230 1965 tribunus
1260 1928 1438 1975 militum,

113 1991 284 2030 Stolonis
304 2004 427 2039 socer,
443 2004 606 2041 quarum
628 1992 755 2040 legum
777 1997 912 2028 auctor
931 1991 1065 2037 fuerat,
1089 2003 1221 2029 earum
1242 2005 1439 2031 suasorem

113 2068 154 2094 se
174 2056 280 2094 haud
299 2055 464 2095 dubium
483 2056 642 2103 ferebat,
665 2064 703 2094 et
723 2069 813 2093 cum
834 2063 926 2094 octo
947 2068 993 2094 ex
1013 2056 1178 2105 collegio
1197 2056 1437 2096 tribunorum
1457 2062 1481 2099 8

113 2120 221 2170 plebi
241 2119 366 2169 primo
387 2120 661 2159 intercessores
682 2122 809 2170 legum
832 2120 1004 2166 fuissent,
1028 2121 1204 2170 quinque
1224 2122 1296 2160 soli
1317 2130 1437 2169 erant,

68 2207 99 2230 30
116 2193 164 2233 et,
186 2192 228 2223 ut
254 2187 373 2223 ferme
400 2187 537 2231 solent,
561 2185 625 2234 qui
652 2199 675 2222 a
694 2185 771 2222 suis
791 2184 1024 2231 desciscunt,
1047 2183 1151 2234 capti
1172 2191 1210 2223 et
1229 2192 1430 2235 stupentes

115 2249 234 2287 animi
255 2249 416 2288 vocibus
437 2250 584 2295 alienis,
601 2250 640 2287 id
661 2249 790 2297 modo,
809 2250 916 2298 quod
937 2249 1042 2288 domi
1064 2257 1313 2299 praeceptum
1336 2256 1428 2293 erat,

1222 2333 1323 2366 4——2
