1586 2460
131 76 179 109 44
719 61 879 98 [ΝΠ

131 179 273 216 pugna,
313 172 351 202 et
390 163 632 212 aliquamdiu
670 176 796 212 aequa
835 163 975 201 virtute
1014 164 1247 212 fortunaque
1296 162 1462 202 Latinae

132 232 299 269 maxime
338 229 524 279 legioneS‚
560 231 679 280 longa
716 230 903 268 societate
943 229 1119 267 militiam
1161 231 1383 268 Romanam
1421 235 1482 268 e·l

90 301 112 337 8
131 297 283 340 doctae,
302 295 510 332 restabant.
543 307 663 344 eques
680 293 877 332 immissus
898 293 1054 333 ordines
1075 293 1269 342 turbavit,
1297 293 1461 332 turbatis

131 361 240 409 signa
266 359 443 410 peditum
470 358 586 406 illata,
610 367 881 409 quantumque
909 360 1093 396 Romana
1119 372 1160 397 se
1179 358 1325 397 invexit
1345 357 1460 405 acies,

131 434 282 464 tantum
309 425 440 462 hostes
467 424 587 474 gradu
614 423 788 472 demoti3
818 431 857 462 et
882 430 924 462 ut
951 424 1072 462 semel
1098 422 1297 461 inclinavit
1317 435 1460 473 pugna,
1481 444 1496 468 5

91 506 112 542 9
132 490 208 528 iam
229 488 483 527 intolerabilis
505 490 689 526 Romana
709 487 765 526 vis
782 495 872 527 erat.
904 487 978 526 fusi
995 489 1127 526 hostes
1147 501 1236 525 curn
1257 488 1460 535 Satricum,

132 555 236 604 quod
265 555 345 592 duo
374 552 493 591 millia
520 552 612 590 inde
634 554 779 600 aberat,
802 566 882 590 non
903 559 1030 590 castra
1049 559 1238 602 peterent,
1260 553 1311 591 ab
1331 552 1462 602 equite

70 638 113 660 10
132 619 299 657 maxime
329 618 432 657 caesi
447 634 456 667 3
486 626 611 656 castra
641 626 758 668 capta
782 617 1024 668 direptaque.
1082 617 1132 656 ab
1160 616 1309 657 Satrico
1334 626 1462 665 nocte,

132 698 232 734 quae
269 683 418 734 proelio
456 682 636 733 proxima
673 681 753 730 fuit,
793 683 908 733 fugae
957 682 1070 720 simili
1120 682 1276 733 agmine
1324 690 1464 734 petunt

133 749 295 788 Antium
308 764 318 796 3
348 756 387 787 et
414 762 505 786 cum
533 750 739 787 Romanus
765 748 955 787 exercitus
982 761 1107 798 prope
1132 747 1304 798 vestigiis
1329 761 1464 798 seque·
1484 766 1517 784 ιο

69 831 109 854 11
133 823 245 863 retur,
276 816 364 864 plus
393 823 523 852 tamen
549 813 666 852 timor
692 827 810 864 quam
839 815 894 852 ira
918 813 1126 852 celeritatis
1152 813 1298 852 habuit.
1357 813 1464 864 prius

133 881 263 930 itaque
301 879 460 918 moenia
496 879 689 918 intravere
727 880 871 926 hostes,
904 892 1023 929 quam
1055 881 1261 918 Romanus
1291 887 1465 918 extrema

132 945 297 997 agminis
345 958 504 995 carpere
554 952 621 983 aut
669 946 808 983 morari
859 952 1000 995 posset.
1061 944 1154 983 inde
1194 944 1343 994 aliquot
1381 945 1465 983 dies

133 1011 324 1049 vastando
371 1023 463 1060 agro
510 1010 721 1059 absumpti,
767 1023 840 1048 nec
889 1009 1081 1048 Romanis
1129 1009 1220 1048 satis
1267 1008 1466 1048 instructis

133 1084 319 1126 apparatu
368 1075 511 1114 bellico
559 1076 610 1113 ad
657 1076 815 1113 moenia
861 1074 1125 1125 aggredienda
1173 1088 1245 1113 nec
1292 1074 1368 1125 illis
1414 1074 1465 1112 ad
1487 1093 1517 1117 ις

133 1141 380 1179 subeundum
413 1153 568 1190 pugnae
597 1153 742 1179 casum.

59 1268 118 1312 33
144 1276 174 1306 T
169 1276 208 1307 lte
228 1276 349 1307 Latz'ns
370 1275 443 1306 and
462 1276 612 1307 Λπίίιιίιπ
634 1274 775 1316 quarrel,
803 1275 875 1306 and
900 1275 953 1306 tlze
981 1276 1077 1306 latter
1105 1274 1284 1306 stu-render
1304 1278 1336 1305 to
1358 1274 1466 1306 Rome.

227 1332 261 1362 T
255 1331 293 1362 lle
319 1331 439 1361 Latius
469 1332 505 1361 in
528 1342 547 1361 a
571 1341 646 1371 roge
675 1331 760 1361 burn
790 1330 967 1367 Satricum,
992 1331 1063 1361 and
1082 1331 1229 1372 surprise
1249 1329 1320 1360 and
1339 1334 1470 1373 capture

227 1385 414 1416 Tusculum.
470 1385 501 1415 T
496 1385 534 1415 lte
572 1385 778 1415 inhabitants
808 1384 955 1415 however
982 1385 1062 1415 hold
1087 1384 1140 1415 tlte
1167 1383 1289 1420 citadel,
1319 1383 1391 1414 and
1418 1384 1470 1414 tlte

221 1440 369 1470 Romans
389 1439 518 1479 coming
529 1444 560 1469 to
578 1440 662 1470 their
676 1439 850 1470 assistance
867 1449 990 1470 recover
1003 1439 1055 1470 tlze
1074 1441 1138 1478 city
1153 1438 1226 1468 and
1242 1448 1400 1469 massacre
1417 1438 1469 1468 tlte
1486 1454 1519 1471 20

221 1495 349 1526 Latius.

216 1589 364 1628 Seditio
414 1597 495 1627 tum
545 1589 645 1629 inter
693 1590 872 1629 Antiates
912 1590 1153 1640 Latinosque
1191 1597 1336 1638 coorta,
1377 1602 1468 1628 cum

137 1655 316 1694 Antiates
335 1655 428 1694 victi
454 1656 565 1694 malis
593 1656 822 1706 subactique
844 1657 959 1702 bello,
982 1657 1022 1694 in
1042 1669 1121 1706 quo
1141 1663 1179 1694 et
1199 1655 1280 1693 nati
1300 1662 1410 1694 erant
1429 1662 1469 1693 et

99 1733 117 1757 2
139 1728 436 1767 consenuerant,
471 1721 715 1760 deditionem
754 1729 988 1771 spectarent,
1030 1721 1193 1759 Latinos
1231 1734 1279 1759 ex
1317 1719 1470 1759 diutina

138 1799 237 1835 pace
267 1799 368 1825 nova
398 1786 568 1825 defectio
594 1787 823 1838 >recentibus
854 1788 983 1825 adhuc
1014 1787 1154 1825 animis
1179 1786 1388 1826 ferociores
1417 1786 1470 1824 ad
1489 1804 1522 1828 25

139 1853 468 1900 perseverandum
496 1852 537 1890 in
564 1854 669 1892 bello
697 1854 851 1892 faceret.
911 1853 998 1891 finis
1019 1851 1242 1891 certaminis
1261 1853 1344 1898 fuit,
1366 1859 1470 1902 post·

140 1930 257 1966 quarn
287 1917 458 1968 utrisque
489 1919 681 1969 apparuit,
704 1919 800 1957 nihil
831 1932 901 1969 per
926 1919 1068 1957 alteros
1095 1925 1207 1964 stare,
1231 1930 1311 1967 quo
1340 1917 1470 1954 minus

98 1993 120 2030 3
138 1982 295 2033 incepta
322 1992 658 2034 persequerentur.
718 1984 849 2022 Latini
880 1983 1044 2034 profecti
1076 1997 1099 2021 a
1130 1982 1319 2021 societate
1349 1981 1468 2032 pacis,

139 2054 182 2083 ut
214 2047 409 2093 rebantur,
439 2047 672 2087 inhonestae
710 2061 795 2087 sese
829 2047 1153 2094 vindicaverunt3
1191 2045 1383 2091 Antiates,
1413 2045 1470 2083 in-

141 2112 360 2150 commodis
391 2112 541 2151 arbitris
572 2113 799 2152 salutarium
833 2112 1086 2152 consiliorum
1125 2111 1297 2160 remotis,
1331 2111 1469 2149 urbem
1489 2128 1523 2153 30

100 2186 331 2225 4agrosque
362 2177 554 2216 Romanis
585 2177 746 2216 dedunt.
806 2177 861 2215 ira
894 2184 931 2215 et
961 2175 1088 2216 rabies
1114 2175 1356 2222 Latinorum,
1378 2174 1472 2224 quia

142 2253 215 2278 nec
247 2243 451 2280 Romanos
481 2243 586 2280 bello
617 2243 773 2280 laedere
804 2255 878 2282 nec
898 2243 1066 2280 Volscos
1091 2240 1132 2278 in
1158 2240 1276 2278 armis
1303 2239 1497 2278 retinere-
