1586 2460
649 66 834 104 Llh'Eli’
883 68 944 104 Vl.
1410 80 1458 118 53

135 168 200 216 plo
242 180 291 206 ex
335 168 428 206 urbe
473 169 714 207 educturum.
791 177 972 209 terrorem
1014 171 1210 221 ingentem
1249 173 1503 224 incusserat9

135 231 267 288 plebi54
305 232 471 270 ducibus
515 235 640 283 plebis
678 236 860 274 accendit
899 235 1019 286 magis
1058 238 1270 276 certamine
1308 237 1460 276 animos

136 309 252 346 quam
280 296 430 335 minuit.
488 299 558 337 sed
584 313 624 337 re
650 308 788 338 neutro
815 300 1001 339 inclinata
1029 302 1254 351 magistratu
1284 316 1325 341 se
1354 303 1461 341 abdi-

137 360 246 408 cavit,
274 374 343 400 seu
370 361 462 411 quia
488 362 581 401 vitio
609 373 760 403 creatus
791 373 884 410 erat,
912 373 953 403 ut
982 365 1169 414 scripsere
1195 366 1369 416 quidam,
1392 380 1459 405 seu

104 440 118 464 s
136 425 226 475 quia
257 426 400 465 tribuni
430 427 555 477 plebis
586 430 755 476 tulerunt
784 431 835 468 ad
865 432 1022 479 plebem
1051 431 1169 481 idque
1198 433 1308 481 plebs
1338 431 1458 478 scivit,

136 499 188 539 ut,
224 491 256 530 si
291 494 346 530 M.
384 493 521 531 Furius
555 507 624 544 pro
659 494 850 534 dictatore
889 495 983 546 quid
1024 496 1173 546 egisset,
1204 496 1460 547 quingentum

140 557 287 595 milium
327 559 361 596 ei
400 560 521 596 multa
558 566 683 605 esset;
721 561 788 597 sed
827 559 1010 609 auspiciis
1049 561 1168 609 magis
1208 574 1325 610 quam
1360 561 1449 599 novi
1478 574 1520 597 10

136 617 305 668 exempli
331 618 534 668 rogatione
560 619 783 657 deterritum
812 628 852 658 ut
879 620 1009 670 potius
1036 622 1204 667 credam,
1227 634 1315 659 cum
1342 621 1462 670 ipsius

136 681 204 721 viri
236 682 327 721 facit
364 682 578 732 ingenium,
614 680 694 721 t‘u‘m
735 685 842 733 quod
881 684 915 722 ei
954 686 1137 723 suffectus
1175 693 1234 723 cst
1265 686 1462 734 extemplo

89 765 119 782 ιο
139 749 179 785 P.
221 746 394 785 Manlius
437 747 614 793 dictator,
656 761 773 797 quem
813 748 908 798 quid
947 748 1067 786 creari
1104 748 1294 787 attinebat
1331 750 1381 788 ad
1423 749 1462 787 id
1488 767 1525 790 11

137 818 347 858 certamen,
379 825 459 861 quo
496 813 551 849 M.
585 812 721 850 Furius
760 812 885 850 victus
915 815 1040 851 esset?
1079 820 1117 851 et
1151 815 1259 862 quod
1293 815 1461 852 eundem

138 878 194 915 M.
224 876 382 916 Furium
410 877 641 916 dictatorem
673 877 884 928 insequens
915 891 1041 916 annus
1070 878 1216 923 habuit,
1246 879 1351 917 haud
1380 878 1463 917 sine

136 942 287 992 pudore
319 950 424 981 certe
455 943 621 980 fractum
654 942 780 992 priore
809 956 914 980 anno
947 942 987 981 in
1017 957 1058 982 se
1089 942 1291 992 imperium
1324 943 1462 992 repeti-

136 1015 264 1046 turum
273 1022 284 1056 3
313 1007 428 1046 simul
448 1008 554 1058 quod
576 1021 624 1047 eo
651 1016 837 1058 tempore,
861 1021 939 1058 quo
961 1009 1250 1058 promulgatum
1271 1009 1320 1047 de
1342 1010 1463 1047 multa
1488 1025 1530 1049 12

89 1091 119 1115 15
137 1071 221 1111 eius
247 1072 419 1119 traditur,
441 1080 507 1111 aut
535 1081 573 1111 et
599 1073 920 1129 huicxrogationL
943 1086 1020 1122 qua
1047 1086 1087 1111 se
1113 1073 1152 1111 in
1179 1072 1356 1112 ordinem
1377 1074 1463 1124 cogi

135 1137 305 1185 videbat,
333 1137 522 1177 obsistere
548 1137 677 1187 potuit
703 1146 770 1175 aut
795 1150 845 1176 ne
872 1137 955 1175 illas
982 1137 1151 1186 quidem,
1182 1145 1341 1187 propter
1366 1150 1463 1187 quas
1488 1155 1532 1191 13

137 1210 174 1241 et
203 1204 302 1241 haec
329 1203 409 1241 lata
438 1211 530 1250 erat,
562 1203 761 1252 impedire,
793 1210 830 1241 et
865 1203 970 1252 quod
1002 1216 1124 1252 usque
1153 1202 1203 1241 ad
1233 1201 1462 1241 memoriam

137 1275 310 1306 nostram
344 1267 561 1306 tribuniciis
599 1256 947 1317 consularibusque
985 1275 1174 1305 certatum
1210 1266 1353 1305 viribus
1391 1275 1461 1313 est,

136 1332 351 1371 dictaturae
381 1346 536 1384 semper
564 1333 678 1372 altius
706 1332 897 1383 fastigium
927 1332 1008 1370 fuit.

88 1468 121 1485 20
137 1456 293 1488 lllanlius
309 1457 336 1486 is
351 1456 471 1487 named
482 1455 630 1486 dictator.
669 1455 712 1485 ln
725 1455 777 1485 the
791 1454 934 1484 interval
944 1455 1073 1484 bclween
1087 1453 1138 1483 the
1149 1458 1210 1483 [72¹0
1222 1453 1458 1493 dz'clatorslzz'p.5‚
1481 1446 1540 1491 39

222 1510 275 1541 llze
290 1509 433 1541 tribunes
448 1510 547 1550 bring
559 1509 646 1540 their
653 1509 820 1549 proposczls
838 1508 939 1548 before
958 1508 1010 1538 llze
1031 1507 1204 1538 concilium
1229 1506 1341 1548 plebis.
1398 1507 1462 1537 Tlte

217 1564 383 1605 plebeiam
397 1568 465 1594 vote
474 1564 537 1603 sor
550 1564 603 1594 llze
621 1562 691 1594 debt
706 1562 777 1593 and
794 1562 953 1602 agrarian
969 1561 1142 1601 proposals,
1163 1560 1218 1590 but
1238 1561 1327 1601 reject
1342 1561 1394 1591 tlte
1407 1571 1464 1591 one

223 1619 377 1659 touckz'ng
385 1619 437 1649 tlte
450 1618 644 1658 consulship.
691 1617 845 1648 Licinius
860 1616 930 1646 and
944 1615 1073 1646 &actius
1088 1614 1209 1645 deflare
1225 1614 1296 1644 that
1310 1614 1383 1654 they
1394 1615 1466 1645 will

224 1678 280 1704 not
308 1673 408 1704 sland
424 1673 487 1714 sor
515 1672 568 1703 tlte
595 1672 798 1711 trihmzeslzz‘p
820 1671 930 1711 again,
959 1669 1067 1700 unless
1090 1669 1142 1700 tlte
1160 1669 1248 1709 plebs
1273 1673 1374 1710 accept
1396 1670 1468 1700 ancl

90 1747 121 1770 ²5
223 1734 356 1771 support
383 1729 434 1759 all
461 1728 513 1759 llze
531 1728 708 1769 proposals.
755 1726 883 1766 Appius
924 1724 1086 1756 Claudius
1117 1725 1256 1755 Crassus
1281 1724 1414 1755 clelt'vcrs
1442 1735 1462 1754 a

223 1783 345 1814 violent
378 1782 482 1824 speech
519 1781 652 1821 against
679 1780 732 1811 llze
760 1779 962 1810 tribuniciam
990 1778 1164 1818 proposals.
1211 1778 1363 1808 Licinius
1395 1778 1466 1808 and

224 1838 355 1869 Sexlzssus
367 1847 424 1867 are
438 1834 659 1874 re-eleclcdfhr
673 1834 725 1864 tlze
738 1834 824 1864 tenth
843 1834 928 1870 lime,
949 1833 1019 1863 and
1031 1843 1127 1871 carry
1143 1832 1227 1862 their
1241 1831 1301 1862 bill
1313 1831 1466 1872 tozcclciscg

224 1892 277 1923 tlze
290 1891 540 1923 c'ommissioners
556 1889 653 1921 sacris
670 1888 838 1919 faciundis.

219 1977 328 2015 Inter
346 1975 514 2025 priorem
535 1974 765 2012 dictaturam
786 1970 1006 2009 abdicatam
1028 1981 1248 2018 novamque
1268 1982 1291 2006 a
1312 1967 1462 2006 Manlio

89 2040 274 2081 aoinitam
307 2040 357 2079 ab
391 2038 555 2078 tribunis
589 2038 694 2076 velut
728 2048 797 2085 per
829 2035 1092 2084 interregnum
1130 2033 1299 2071 coneilio
1337 2032 1462 2082 plebis

138 2103 285 2152 habito,
307 2103 500 2155 apparuit,
528 2089 628 2152 quae
653 2114 698 2140 ex
726 2098 978 2150 promulgatis
1005 2096 1120 2148 plebi,
1149 2110 1250 2147 quae
1276 2096 1462 2135 latoribus

136 2168 304 2220 gratiora
351 2175 491 2207 essent.
568 2178 658 2204 nam
698 2165 748 2203 de
784 2165 920 2203 fenore
957 2170 1074 2212 atque
1112 2175 1204 2212 agro
1241 2160 1462 2211 rogationes
1483 2177 1502 2201 2

137 2234 336 2282 iubebant,
359 2233 409 2272 de
434 2230 592 2282 plebeio
619 2230 779 2268 consule
805 2228 1080 2278 antiquabant5
1110 2234 1148 2266 et
1173 2227 1345 2276 perfecta
1365 2233 1463 2264 utra-
