1586 2460
131 85 177 120 28
714 82 776 118 L]
789 81 874 118 VJ]

129 184 331 235 protulisse
370 183 487 220 etiam
531 182 824 232 conspicienda,
866 183 991 232 spolia
1036 184 1206 221 hostium
1251 197 1454 223 caesorum

128 251 178 287 ad
212 248 377 297 triginta,
415 248 521 285 dona
555 246 831 296 imperatorum
865 248 915 285 ad
947 247 1215 298 quadraginta,
1246 248 1285 286 in
1315 249 1455 298 quibus

89 323 110 355 5
131 312 298 362 insignes
318 312 414 349 duas
436 312 602 349 murales
622 324 799 358 coronas,
822 311 963 350 civicas
984 319 1075 351 octo
1088 327 1099 361 3
1125 313 1175 350 ad
1193 313 1267 351 hoc
1284 320 1456 352 servatos

129 393 175 417 ex
222 378 397 416 hostibus
439 376 545 415 cives
591 374 822 429 [produxit],
870 376 968 416 inter
1013 390 1113 427 quos
1158 378 1202 417 C.
1250 377 1456 416 Servilium

131 441 352 492 magistrum
401 441 577 491 equitum
624 443 831 480 absentem
878 441 1136 490 nominatim,
1190 450 1228 480 et
1274 455 1363 480 cum
1412 455 1458 481 ea

132 521 298 557 quoque,
321 520 420 556 quae
442 508 546 545 bello
566 514 676 557 gesta
696 514 837 554 essent,
862 520 933 556 pro
954 507 1108 557 fastigio
1128 521 1254 546 rerum
1281 507 1458 546 oratione

132 572 246 610 etiam
268 570 483 620 magnifica,
503 572 606 609 facta
627 571 741 610 dictis
763 573 982 621 aequando,
1002 579 1267 620 memorasset,
1289 573 1458 611 nudasse

91 645 269 689 ‹)1›ectus
307 636 457 686 insigne
496 636 744 676 cicatricibus
791 638 896 676 bello
941 638 1115 688 acceptis
1160 645 1198 677 et
1242 637 1459 677 identidem

70 716 76 722 ·
133 703 369 752 Capitolium
409 710 592 751 spectans
632 704 770 741 Iovem
810 704 986 754 deosque
1024 702 1121 742 alios
1159 703 1373 742 devocasse
1409 703 1460 741 ad

133 767 315 806 auxilium
349 767 588 804 fortunarum
624 781 779 806 suarum
814 776 1075 818 precatusque
1115 780 1211 814 esse,
1247 775 1302 815 ut,
1342 780 1459 817 quam

134 841 304 871 mentem
344 831 416 870 sibi
456 833 720 882 Capitolinam
759 846 888 872 arcem
934 833 1153 883 protegenti
1203 832 1255 871 ad
1296 832 1460 870 salutem

134 898 268 948 populi
308 896 479 936 Romani
518 897 730 945 dedissent,
771 911 858 937 earn
898 899 1048 948 populo
1088 900 1274 936 Romano
1311 896 1352 935 in
1391 909 1462 935 suo

135 962 355 1001 discrimine
406 963 552 1010 darent,
576 991 584 998 s
604 970 642 1000 et
687 975 817 1001 orasse
863 962 1038 1013 singulos
1084 962 1376 1013 universosque,
1421 969 1464 1000 ut

136 1028 372 1079 Capitolium
403 1036 520 1078 atque
550 1033 678 1066 arcem
712 1028 921 1076 intuentes,
950 1036 991 1067 ut
1020 1028 1069 1067 ad
1086 1028 1196 1066 ”deos
1226 1028 1464 1067 immortales

73 1109 117 1133 10
137 1091 235 1130 versi
254 1093 303 1130 de
331 1105 371 1131 se
401 1092 626 1131 iudicarent.
686 1092 727 1130 in
753 1106 896 1142 campo
927 1091 1073 1131 Martio
1099 1105 1187 1130 cum
1216 1091 1462 1130 centuriatim

136 1159 304 1207 populus
325 1157 518 1206 citaretur,
541 1167 579 1196 et
599 1171 687 1196 reus
707 1159 758 1196 ad
786 1157 1026 1208 Capitolium
1052 1170 1191 1195 manus
1218 1157 1385 1195 tendens
1415 1157 1465 1195 ab

138 1222 362 1261 hominibus
382 1224 432 1261 ad
459 1224 556 1262 deos
583 1237 719 1273 preces
749 1221 961 1270 avertisset,
988 1222 1167 1273 apparuit
1193 1221 1370 1270 tribunis,
1393 1221 1467 1260 nisi

138 1289 273 1326 oculos
293 1302 451 1338 quoque
471 1289 676 1327 hominum
703 1289 932 1328 liberassent
959 1289 1056 1328 tanti
1080 1288 1271 1328 memoria
1298 1287 1465 1334 decoris,

139 1365 339 1401 nunquam
384 1354 466 1391 fore
510 1354 550 1390 in
597 1354 896 1404 praeoccupatis
946 1353 1140 1392 beneficio
1187 1352 1330 1392 animis
1373 1365 1468 1392 vero

76 1430 116 1453 11
141 1417 289 1454 crimini
335 1418 478 1456 locum.
555 1417 608 1456 ita
652 1418 832 1468 prodicta
877 1417 950 1465 die,
991 1418 1032 1456 in
1073 1417 1294 1457 Petelinum
1333 1418 1468 1456 lucum

142 1491 248 1520 extra
267 1490 419 1531 portam
442 1483 756 1529 Flumentanam,
778 1484 885 1522 unde
905 1492 1141 1533 conspectus
1161 1483 1201 1521 in
1229 1482 1469 1532 Capitolium

140 1560 221 1585 non
259 1554 372 1594 esset,
413 1546 623 1586 concilium
661 1548 801 1597 populi
839 1547 1032 1586 indictum
1079 1555 1146 1586 est.
1223 1547 1278 1585 ibi
1322 1546 1469 1586 crimen

142 1611 271 1658 valuit,
294 1619 332 1650 et
352 1612 557 1650 obstinatis
578 1610 718 1650 animis
738 1614 846 1650 triste
866 1611 1053 1650 iudicium
1081 1610 1327 1661 invisumque
1353 1611 1471 1650 etiarn

79 1689 121 1712 12
143 1675 334 1714 iudicibus
368 1677 525 1714 factum.
585 1684 686 1724 sunt,
722 1677 787 1726 qui
826 1690 894 1727 per
929 1675 1168 1723 duumviros,
1204 1676 1272 1726 qui
1306 1677 1356 1715 de
1389 1689 1473 1726 per—

145 1741 342 1780 duellione
380 1742 643 1791 anquirerent,
683 1750 834 1781 creatos
879 1750 1058 1781 auctores
1103 1741 1181 1780 sint
1226 1742 1468 1780 damnatum

145 1806 288 1845 tribuni
315 1807 363 1845 de
390 1820 484 1845 saxo
511 1806 681 1857 Tarpeio
707 1807 946 1855 deiecerunt,
974 1808 1164 1856 locusque
1190 1805 1297 1844 idem
1323 1806 1364 1844 in
1393 1818 1472 1844 uno

147 1870 305 1909 homine
325 1878 363 1909 et
383 1870 547 1909 eximiae
567 1871 711 1921 gloriae
733 1879 1036 1910 monumentum
1064 1879 1101 1910 et
1131 1883 1286 1920 poenae
1312 1869 1473 1909 ultimae

83 1948 126 1982 13
147 1935 229 1973 fuit.
285 1934 462 1973 adiectae
483 1943 638 1974 mortuo
664 1943 780 1974 notae
807 1944 908 1984 sunt,
940 1935 1099 1986 publica
1127 1948 1217 1982 una,
1240 1935 1360 1984 quod,
1381 1947 1473 1973 cum

147 2001 290 2038 domus
312 2000 391 2038 eius
412 2001 556 2047 fuisset,
579 2000 647 2039 ubi
677 2014 783 2040 nunc
809 2002 927 2040 aedes
956 2008 1075 2050 atque
1101 1999 1259 2038 officina
1286 2000 1475 2038 Monetae

148 2071 217 2108 est,
252 2065 374 2102 latum
408 2064 458 2102 ad
493 2066 683 2114 populum
713 2072 783 2111 est,
814 2078 864 2103 ne
893 2064 981 2115 quis
1011 2063 1194 2114 patricius
1223 2062 1264 2101 in
1292 2075 1380 2101 arce
1409 2069 1476 2100 aut

84 2139 131 2172 14
151 2127 349 2176 Capitolio
378 2127 580 2175 habitaret,
610 2128 808 2178 gentilicia
836 2130 968 2177 altera,
1003 2128 1111 2178 quod
1138 2127 1266 2177 gentis
1300 2126 1475 2165 Manliae

151 2193 308 2230 decreto
328 2200 486 2230 cautum
512 2199 581 2238 est,
611 2205 660 2231 ne
684 2193 771 2241 quis
799 2193 943 2231 deinde
971 2194 1027 2230 M.
1059 2191 1233 2230 Manlius
1258 2197 1473 2230 vocaretur.

150 2252 426 2294 huncexitum
453 2256 588 2295 habuit
613 2255 679 2303 vir,
711 2256 785 2295 nisi
813 2257 854 2295 in
882 2256 1003 2296 libera
1031 2255 1188 2295 civitate
1216 2263 1331 2294 natus
1359 2262 1475 2303 esset,

1481 790 1512 806 10

1485 1113 1515 1136 15

1487 1440 1520 1457 20

1489 1761 1521 1785 25

1492 2083 1527 2108 30
