1586 2460
624 78 810 115 LIBER
860 78 924 114 Vl.
1389 90 1437 125 33

109 177 313 228 impedire.
372 176 432 216 dis
462 178 562 216 bene
593 178 816 216 iuvantibus
845 186 986 227 ageret,
1023 179 1131 227 quod
1160 190 1181 215 e
1212 190 1252 216 re
1281 177 1439 227 publica

109 244 270 282 duceret
283 257 295 291 3
323 242 442 281 aetati
463 256 555 282 suae
577 256 617 282 se
634 242 786 281 veniam
810 256 896 281 eam
919 251 1063 293 petere,
1081 256 1130 281 ne
1151 243 1189 280 in
1210 242 1336 292 prima
1355 241 1439 280 acie
1463 259 1504 283 11

109 317 236 356 esset3
264 321 364 358 quae
386 307 490 346 senis
511 308 646 346 munia
668 308 705 345 in
728 308 831 346 bello
853 307 941 354 sint,
963 307 1008 345 iis
1029 320 1070 346 se
1095 321 1178 346 non
1203 309 1436 346 defuturum.

107 373 148 412 id
168 387 190 412 a
210 373 271 412 dis
291 372 577 411 immortalibus
599 372 761 422 precari,
782 385 833 411 ne
857 371 923 422 qui
951 385 1062 410 casus
1089 385 1203 410 suum
1232 371 1437 410 consilium

76 455 90 479 ⁵
108 439 304 477 laudabile
325 437 475 476 efficiat.
535 450 609 476 nec
630 438 680 475 ab
700 436 926 475 hominibus
947 436 1125 474 salutaris
1145 437 1342 475 sententia
1363 449 1437 475 nec
1464 452 1506 476 12

108 517 132 542 a
150 502 210 542 dis
232 511 311 541 tam
332 503 421 553 piae
448 515 585 552 preces
612 501 769 540 auditae
800 509 899 539 sunt.
959 501 1123 551 primam
1151 501 1276 540 aciem
1303 509 1439 540 auctor

108 579 262 616 pugnae
319 565 483 612 instruit,
542 563 716 603 subsidia
773 563 961 603 Camillus
1013 564 1139 601 firmat
1189 563 1439 613 validamque

108 631 318 670 stationem
353 644 425 681 pro
459 630 595 669 castris
629 631 821 680 opponit3
860 629 943 679 ipse
978 629 1086 668 edito
1120 630 1210 668 loco
1243 636 1439 679 spectator

107 694 280 734 intentus
295 695 335 733 in
356 702 539 734 eventum
562 694 676 732 alieni
699 693 850 732 consilii
872 692 1055 732 constitit.

61 834 92 851 ιο
115 822 147 853 T
140 822 179 853 lle
203 823 349 853 Romam
377 833 434 853 are
463 822 739 860 outmamcuvred,
764 822 835 852 ancl
863 826 977 852 retreat
1007 821 1042 851 in
1074 821 1227 852 abbana-r.
1281 820 1439 851 Camillus
1457 809 1518 853 24

386 878 499 908 rallz'cs
514 877 609 913 them,
627 876 698 907 and
705 875 806 916 gains
821 887 841 906 a
858 875 1010 917 splendid
1022 876 1154 915 vz'clmy.

188 965 310 1004 Simul
344 964 472 1015 primo
507 978 699 1003 concursu
733 977 998 1013 concrepuere
1028 977 1146 1010 arma,
1177 963 1301 1002 hostis
1331 964 1435 1010 dolo,

108 1043 188 1069 non
215 1038 323 1069 metu
349 1030 494 1079 pedem
520 1029 679 1068 rettulit.
737 1028 836 1067 lenis
863 1031 913 1067 ab
941 1036 1048 1079 tergo
1078 1027 1200 1066 clivus
1229 1035 1310 1066 erat
1339 1027 1440 1066 inter
1460 1043 1480 1068 2

107 1094 232 1134 aciem
263 1103 300 1133 et
330 1102 479 1144 castra;
509 1102 558 1141 et,
590 1095 699 1144 quod
731 1094 942 1133 multitudo
969 1093 1261 1143 suppeditabat,
1291 1093 1439 1143 aliquot

61 1174 91 1198 1⁵
107 1160 255 1198 validas
276 1160 458 1198 coliortes
477 1159 517 1198 in
537 1159 672 1198 castris
693 1166 861 1197 armatas
881 1158 1169 1208 instructasque
1189 1158 1436 1208 reliquerant,

108 1237 209 1274 quae
238 1223 338 1262 inter
369 1223 622 1261 commissum
651 1222 729 1261 iam
760 1230 971 1268 certarnen,
1002 1221 1069 1261 ubi
1098 1223 1200 1260 vallo
1229 1221 1438 1272 appropin-

107 1296 266 1339 quasset
298 1287 433 1335 hostis,
474 1296 734 1338 erumperent.
796 1290 999 1326 Romanus
1037 1287 1246 1326 cedentem
1284 1286 1435 1324 hostem
1459 1303 1481 1338 3

108 1354 229 1392 effuse
264 1354 468 1402 sequendo
501 1353 541 1390 in
576 1354 707 1391 locum
736 1351 915 1400 iniquum
947 1358 1162 1400 pertractus
1192 1357 1439 1400 opportunus

107 1419 198 1457 huic
237 1418 431 1468 eruptioni
470 1419 565 1464 fuit3
603 1431 736 1456 versus
776 1417 908 1465 itaque
947 1416 987 1454 in
1020 1415 1206 1454 victorem
1242 1422 1364 1454 terror
1400 1422 1438 1453 et

59 1503 91 1520 20
107 1496 212 1522 novo
251 1484 365 1522 hoste
405 1491 443 1521 et
482 1482 626 1532 supina
663 1483 763 1520 valle
805 1483 1027 1519 Romanam
1066 1479 1268 1525 inclinavit
1300 1479 1436 1518 aciem.

108 1548 254 1587 instant
291 1547 429 1586 Volsci
467 1554 664 1598 recentes,
697 1546 764 1596 qui
795 1559 816 1584 e
851 1544 984 1584 castris
1018 1545 1209 1594 impetum
1243 1545 1438 1592 fecerant3
1459 1559 1480 1590 4

107 1613 301 1664 integrant
327 1621 366 1651 et
388 1612 443 1650 illi
470 1625 654 1662 pugnam,
683 1611 749 1661 qui
777 1611 957 1649 simulata
980 1617 1176 1649 cesserant
1202 1611 1300 1660 fuga.
1361 1610 1435 1648 iam

107 1692 188 1718 non
221 1678 438 1728 recipiebat
472 1691 513 1716 se
550 1680 755 1716 Romanus
784 1676 906 1721 miles,
938 1676 1009 1714 sed
1036 1675 1243 1713 immemor
1272 1674 1438 1713 recentis

107 1743 277 1784 ferociae
297 1735 517 1792 veterisque
542 1741 694 1781 decoris
723 1750 829 1791 terga
854 1740 1000 1790 passim
1027 1740 1148 1778 dabat
1171 1747 1290 1789 atque
1317 1740 1439 1778 effuso

59 1825 91 1850 2⁵
108 1822 224 1874 cursu
244 1816 370 1848 castra
392 1809 610 1858 repetebat,
635 1820 724 1844 cum
752 1805 956 1852 Camillus,
978 1804 1176 1843 subiectus
1203 1806 1252 1843 ab
1279 1804 1439 1843 circum-
1461 1818 1480 1856 5

109 1875 300 1914 stantibus
334 1875 374 1912 in
409 1886 555 1923 equum
590 1880 627 1910 et
662 1871 802 1921 raptim
837 1870 1019 1910 subsidiis
1059 1869 1263 1920 oppositis,
1308 1870 1441 1908 “haec

108 1939 193 1978 est’'
213 1938 350 1989 inquit,
376 1937 564 1982 “milites‚
586 1949 728 1986 pugna,
751 1948 870 1984 quam
890 1933 1156 1984 poposcistis?
1199 1933 1287 1983 quis
1305 1934 1439 1979 homo,

109 2001 195 2052 quis
215 2003 313 2041 deus
333 2009 404 2048 est,
426 2013 544 2050 quem
564 2011 748 2037 accusare
769 1997 958 2048 possitis?
995 2005 1125 2036 vestra
1144 1998 1209 2035 illa
1229 1996 1439 2044 temeritas,

109 2074 236 2105 vestra
271 2065 425 2116 ignavia
463 2066 560 2103 haec
599 2072 666 2102 est.
728 2063 852 2102 secuti
890 2063 1011 2101 aliurn
1049 2063 1191 2101 ducem
1231 2061 1441 2112 sequimini
1461 2063 1484 2099 6

60 2147 94 2173 30
109 2142 216 2167 nunc
240 2127 449 2167 Camillum
473 2135 523 2174 et,
553 2127 658 2176 quod
687 2126 810 2164 ductu
838 2138 927 2163 meo
953 2124 1096 2172 soletis,
1129 2124 1282 2163 vincite.
1342 2124 1437 2174 quid

109 2194 254 2231 vallum
293 2199 331 2231 et
369 2198 496 2229 castra
534 2189 748 2239 spectatis?
805 2189 1003 2234 neminem
1042 2196 1214 2243 vestrum
1259 2189 1325 2226 illa
1366 2188 1439 2227 nisi

109 2257 297 2295 victorem
332 2262 536 2304 receptura
575 2253 731 2303 suntl'r
778 2254 905 2303 pudor
942 2253 1070 2302 primo
1109 2252 1234 2291 tenuit
1273 2252 1439 2301 effusos,
1461 2269 1479 2305 7

1237 2350 1338 2384 3-2
