1586 2460
624 66 808 103 LIBER
857 68 918 103 Vl.
1382 78 1429 113 47

110 169 245 217 visum,
267 169 405 219 suique
429 169 555 219 ipsam
583 171 687 208 malo
715 170 883 215 arbitrio,
906 184 984 219 quo
1011 185 1034 210 a
1060 170 1243 220 proximis
1270 170 1433 220 quisque

108 233 270 273 minime
289 234 427 273 anteiri
453 235 544 281 vult,
566 234 815 283 paenituisse.
874 236 1076 272 confusam
1105 247 1190 272 eam
1215 248 1262 273 ex
1288 234 1431 273 recenti
1452 239 1476 276 8

110 311 239 337 morsu
270 297 390 336 animi
423 311 512 336 cum
544 305 654 348 pater
682 299 780 338 forte
808 298 980 346 vidisset,
1012 306 1261 348 percontatus
1293 298 1433 337 “satin’

109 363 268 402 salve?''
293 371 535 402 avertentem
562 376 721 402 causam
749 364 907 412 doloris,
935 364 1082 414 quippe
1109 377 1182 402 nec
1209 363 1301 402 satis
1327 363 1433 412 piam

76 429 293 471 sadversus
334 440 506 467 sororem
553 441 626 467 nec
671 429 886 466 admodum
925 429 965 466 in
1005 428 1129 466 virum
1167 427 1433 475 honorificam,

109 492 242 532 elicuit
270 491 435 531 comiter
463 492 713 539 sciscitando,
744 500 787 531 ut
815 494 1008 539 fateretur,
1039 505 1125 531 eam
1165 505 1249 531 esse
1278 505 1434 530 eausam
1453 505 1476 541 9

110 557 268 605 doloris,
290 558 398 606 quod
419 556 552 595 iuncta
571 556 710 607 impari
732 565 843 603 esset,
866 565 989 607 nupta
1009 558 1048 595 in
1069 558 1201 603 domo,
1224 570 1341 606 quam
1363 570 1435 595 nec

110 623 237 661 honos
276 634 350 660 nec
386 620 508 671 gratia
547 621 687 660 intrare
726 630 867 672 posset.
940 623 1149 660 consolans
1187 622 1279 660 inde
1317 622 1434 659 filiam
1460 636 1504 659 10

111 687 327 725 Ambustus
357 687 505 725 bonum
541 686 715 724 animum
751 688 895 725 habere
930 686 1060 725 iussit:
1103 687 1264 725 eosdem
1298 699 1436 736 prope-

61 771 94 789 ιο
110 751 214 791 diem
248 750 357 790 domi
391 751 558 789 visuram
593 751 775 797 honores,
809 764 907 800 quos
945 752 1051 801 apud
1089 764 1260 790 sororem
1293 751 1434 789 videat.

110 816 203 856 inde
232 815 396 855 consilia
423 814 520 854 inire
549 829 638 853 cum
668 828 812 865 genero
842 816 983 866 coepit,
1011 816 1188 854 adhibito
1219 818 1261 854 L.
1291 815 1433 862 Sextio,
1459 827 1500 852 11

110 889 269 920 strenuo
295 881 548 920 adolescente
575 887 613 918 et
639 880 750 918 cuius
777 881 859 930 spei
887 880 983 918 nihil
1010 888 1162 930 praeter
1180 893 1302 930 genus
1324 881 1436 930 patri-

111 947 214 986 cium
235 948 400 986 deesset.

114 1100 148 1131 C.
169 1099 322 1130 Licinius
337 1099 408 1129 and
418 1099 456 1129 L.
474 1098 606 1128 Sextius
621 1097 732 1128 elected
743 1097 885 1127 tribunes
897 1095 936 1136 qf
942 1096 994 1126 the
1001 1096 1098 1135 plebs.
1144 1096 1176 1126 T
1170 1095 1228 1135 lzey
1233 1096 1438 1136 promulgate
1453 1085 1513 1129 35

64 1165 71 1182 ι
77 1165 92 1188 5
196 1153 283 1184 three
295 1153 369 1185 bills
384 1154 431 1192 (ι)
448 1157 478 1183 lo
493 1153 603 1183 relieve
617 1152 738 1183 ‹lebtors
755 1152 800 1190 (2)
816 1156 845 1181 lo
861 1151 949 1181 limit
963 1150 1145 1191 occupation
1162 1150 1341 1190 qsdomaz'n
1356 1151 1440 1181 land

197 1208 245 1249 (3)
275 1212 306 1238 to
333 1207 456 1239 abolislz
487 1207 635 1246 mililmy
657 1206 802 1237 tribunes
826 1205 896 1236 and
915 1204 1052 1245 provide
1078 1204 1150 1235 that
1179 1215 1237 1235 one
1266 1200 1378 1235 conkul
1404 1209 1440 1235 at

197 1262 276 1293 least
304 1261 424 1293 should
450 1261 484 1292 be
513 1272 534 1292 a
556 1260 717 1301 plebeian.
767 1260 866 1291 Ollzer
901 1259 1045 1290 tribunes
1074 1269 1130 1289 are
1156 1260 1296 1300 engaged
1318 1259 1357 1299 by
1386 1259 1438 1290 llze

188 1315 380 1357 patriciam
405 1319 435 1345 to
461 1319 526 1346 velo
550 1314 604 1345 the
627 1313 805 1355 proposals.
853 1312 1003 1343 Licinius
1034 1311 1105 1342 and
1129 1312 1261 1343 Sextius
1286 1316 1352 1342 velo
1378 1312 1435 1347 all,

197 1374 302 1411 excePl
310 1369 469 1411 plebeiam
488 1368 644 1399 eleclz'ons.

60 1490 94 1508 ω
193 1468 360 1509 Occasio
381 1469 586 1508 videbatur
612 1481 741 1506 rerum
768 1467 1038 1506 novandarum
1059 1474 1219 1516 propter
1238 1465 1436 1515 ingentem

111 1535 189 1574 vim
223 1535 321 1574 aeris
354 1533 482 1581 alieni,
517 1534 627 1573 cuius
661 1535 839 1572 levamen
874 1532 965 1570 mali
998 1532 1144 1581 plebes,
1177 1530 1252 1569 nisi
1282 1530 1360 1569 suis
1398 1531 1436 1568 in

112 1611 267 1638 summo
296 1597 459 1648 imperio
491 1598 641 1644 locatis,
674 1598 824 1634 nullum
854 1603 1042 1646 speraret:
1071 1595 1356 1644 accingendum
1387 1596 1436 1633 ad
1458 1611 1477 1635 2

111 1678 197 1703 eam
219 1663 497 1714 cogitationem
519 1676 603 1701 esse
613 1679 623 1711 3
653 1662 837 1701 conando
858 1661 1090 1710 agendoque
1109 1660 1187 1698 iam
1207 1673 1254 1698 eo
1274 1661 1436 1710 gradum

111 1729 250 1769 fecisse
287 1729 476 1779 plebeios,
508 1729 617 1768 unde
654 1727 685 1765 si
723 1739 840 1777 porro
878 1725 1115 1769 annitamur,
1148 1724 1349 1775 pervenire
1386 1725 1436 1762 ad

62 1811 95 1836 25
113 1806 266 1832 summa
291 1800 330 1832 et
355 1791 529 1842 patribus
556 1790 715 1841 aequari
744 1797 822 1828 tam
855 1790 1005 1828 honore
1036 1801 1154 1839 quarn
1182 1787 1323 1826 virtute
1352 1801 1436 1838 pos-

112 1867 208 1898 sent.
269 1858 308 1896 in
342 1857 563 1907 praesentia
602 1855 779 1896 tribunos
817 1854 943 1905 plebis
981 1853 1063 1893 fieri
1093 1853 1253 1903 placuit,
1287 1866 1366 1902 quo
1396 1852 1435 1891 in
1456 1869 1477 1903 3

113 1924 339 1974 magistratu
366 1923 523 1961 sibimet
549 1921 623 1972 ipsi
650 1920 751 1959 viam
781 1921 832 1959 ad
862 1927 1011 1958 ceteros
1037 1921 1206 1958 honores
1232 1918 1435 1968 aperirent.

112 1987 312 2038 creatique
345 1986 490 2026 tribuni
524 1987 568 2025 C.
606 1985 780 2023 Licinius
815 1991 853 2022 et
888 1985 929 2022 L.
964 1982 1116 2022 Sextius
1144 1983 1479 2032 promulgavere4

111 2055 217 2104 leges
251 2065 389 2091 omnes
421 2052 607 2090 adversus
640 2062 737 2099 opes
770 2048 1020 2099 patriciorum
1051 2054 1089 2085 et
1118 2059 1189 2097 pro
1217 2045 1437 2084 commodis

65 2143 97 2167 30
113 2117 251 2168 plebis,
271 2130 390 2156 unam
411 2117 460 2155 de
480 2129 570 2154 aere
593 2115 734 2162 alieno,
756 2121 810 2161 ut,
832 2114 1004 2153 deducto
1030 2125 1078 2151 eo
1098 2113 1148 2150 de
1168 2111 1308 2161 capite,
1330 2111 1438 2160 quod

113 2181 238 2221 usuris
276 2188 593 2231 pernumeratum
633 2186 746 2225 esset,
781 2177 832 2225 id,
865 2177 972 2227 quod
1009 2183 1238 2226 superesset,
1269 2174 1436 2213 triennio

114 2245 248 2296 aequis
281 2244 537 2294 pensionibus
573 2245 857 2294 persolveretur
865 2257 875 2290 3
913 2244 1073 2280 alteram
1104 2242 1153 2279 de
1183 2241 1303 2279 modo
1331 2253 1437 2289 agro·
1457 2251 1476 2289 5

203 2332 245 2359 Μ,
270 2328 303 2356 L.
327 2329 379 2355 VI.
779 2324 781 2327 “
1157 2351 1161 2353 λ
1297 2323 1320 2355 4
