1586 2460
123 76 173 126 50
709 64 870 101 LJVJJ

81 180 103 216 9
123 164 391 203 intercessioni
414 177 505 203 suae
526 167 863 214 praetendebant:
886 166 1040 204 Velitris
1068 166 1107 204 in
1136 166 1304 205 exercitu
1325 166 1452 217 plebis

123 243 302 279 magnam
347 237 497 278 partem
542 231 699 278 abesse3
747 230 786 268 in
825 231 1038 269 adventum
1078 231 1245 269 militum
1294 231 1454 270 comitia

122 294 261 333 differri
307 295 461 341 debere,
506 302 548 332 ut
595 295 777 333 universa
823 296 959 345 plebes
1010 297 1060 334 de
1112 296 1190 334 suis
1234 295 1454 335 commodis

60 373 105 396 10
123 359 344 410 suffragium
374 361 497 399 ferret.
558 360 711 399 Sextius
742 361 995 409 Liciniusque
1025 374 1116 399 cum
1149 369 1259 411 parte
1289 363 1454 411 collega-

123 439 207 463 rum
236 433 275 464 et
309 439 388 464 uno
422 439 469 465 ex
503 425 666 465 tribunis
702 426 868 464 militum
910 427 1045 473 Fabio,
1076 427 1242 465 artifices
1279 426 1356 465 iam
1396 434 1487 473 tots

122 503 313 528 annorum
359 504 431 529 usu
470 491 664 530 tractandi
702 492 857 531 animos
896 491 1033 542 plebis,
1074 491 1263 542 primores
1300 500 1454 542 patrum

123 557 336 605 productos
381 557 658 608 interrogando
702 558 752 596 de
791 557 963 607 singulis,
1004 569 1106 606 quae
1144 557 1368 596 ferebantur
1403 557 1453 595 ad

59 638 100 662 11
123 622 323 671 populum,
354 621 593 672 fatigabant:
633 624 874 662 auderentne
909 623 1118 672 postulare,
1155 630 1206 669 ut,
1237 635 1327 660 cum
1362 621 1455 661 bina

121 687 252 736 iugera
279 687 358 737 agri
387 687 494 737 plebi
529 686 804 734 dividerentur,
837 687 932 738 ipsis
965 689 1052 738 plus
1081 687 1297 737 quingenta
1324 686 1457 738 iugera

122 753 265 791 habere
287 752 429 800 liceret,
453 759 495 790 ut
516 752 658 803 singuli
677 766 802 803 prope
830 760 1094 791 trecentorum
1116 752 1259 791 civium
1279 752 1454 802 posside·
1476 772 1508 789 ιο

122 825 207 857 rent
234 831 357 868 agros,
386 817 542 868 plebeio
571 818 722 857 homini
748 818 809 856 vix
838 819 889 857 ad
919 825 1067 857 tectum
1097 817 1361 856 necessarium
1390 825 1458 855 aut

61 897 103 921 12
123 885 255 923 locum
287 884 509 933 sepulturae
543 895 636 921 suus
674 890 826 933 pateret
860 886 974 933 ager?
1015 895 1066 921 an
1104 883 1285 933 placeret,
1322 883 1458 921 fenore

122 950 427 989 circumventam
455 950 623 999 plebem,
653 948 785 999 potius
813 962 932 999 quam
963 956 1066 988 sorte
1098 949 1287 987 creditum
1320 949 1456 995 solvat,

123 1028 262 1066 corpus
283 1014 322 1052 in
344 1028 506 1053 nervum
527 1028 574 1053 ac
594 1014 787 1065 supplicia
807 1015 912 1061 dare,
934 1022 973 1053 et
1002 1013 1188 1065 gregatim
1211 1012 1388 1063 quotidie
1407 1014 1458 1052 de

123 1082 208 1119 foro
246 1079 426 1118 addictos
464 1078 568 1126 duci,
605 1087 644 1118 et
680 1079 821 1130 repleri
856 1078 996 1117 vinctis
1035 1079 1188 1117 nobiles
1227 1079 1369 1117 domus
1406 1085 1456 1125 et,
1477 1098 1508 1123 15

124 1144 352 1194 ubicunque
390 1143 574 1194 patricius
612 1144 773 1190 habitet,
810 1143 863 1182 ibi
898 1156 1093 1182 carcerem
1126 1144 1318 1193 privatum
1352 1145 1461 1182 esse?

48 1211 105 1255 37
124 1212 223 1248 haec
266 1209 428 1260 indigna
471 1209 771 1258 miserandaque
819 1209 958 1247 auditu
1006 1222 1096 1246 cum
1135 1209 1240 1259 apud
1278 1208 1460 1248 timentes

125 1276 281 1315 sibimet
311 1275 429 1325 ipsos,
461 1275 609 1313 maiore
638 1275 888 1313 audientium
924 1273 1197 1324 indignatione
1226 1287 1345 1324 quam
1375 1286 1456 1322 sua,

87 1356 105 1379 2
125 1339 422 1389 increpuissent,
443 1338 552 1388 atqui
572 1351 646 1376 nec
673 1351 786 1388 agros
807 1339 1028 1388 occupandi
1049 1340 1213 1377 modum
1234 1352 1308 1377 nee
1327 1339 1460 1383 fenore

124 1404 347 1442 trucidandi
367 1405 525 1454 plebem
553 1403 673 1442 alium
701 1403 876 1453 patribus
897 1417 1073 1454 unquam
1102 1406 1183 1442 fore
1202 1404 1460 1450 affirmabant,
1478 1427 1512 1444 20

127 1469 200 1507 nisi
230 1471 394 1508 alterum
426 1482 473 1507 ex
501 1470 620 1518 plebe
649 1470 867 1515 consulem,
898 1469 1107 1508 custodem
1136 1481 1229 1507 suae
1262 1468 1461 1514 libertatis,

88 1536 261 1589 3plebes
305 1533 469 1573 fecisset.
547 1531 750 1572 contemni
796 1532 873 1571 iam
920 1533 1098 1572 tribunos
1136 1533 1276 1583 plebis,
1315 1533 1464 1585 quippe
1512 1532 1515 1534 ’

127 1613 228 1650 quae
261 1606 435 1650 potestas
468 1599 546 1637 iam
586 1612 696 1637 suam
737 1598 823 1649 ipsa
859 1598 939 1637 vim
978 1600 1129 1649 frangat
1166 1598 1459 1638 intercedendo.

86 1680 111 1714 4
129 1678 207 1703 non
234 1678 351 1714 posse
381 1676 509 1713 aequo
537 1664 618 1702 iure
645 1663 718 1714 agi,
743 1663 811 1702 ubi
839 1663 1047 1714 imperium
1074 1677 1194 1714 penes
1220 1664 1318 1712 illos,
1340 1677 1464 1714 penes

129 1742 169 1768 se
203 1729 388 1767 auxilium
423 1735 576 1766 tantum
611 1728 660 1766 sit
670 1742 681 1776 3
721 1727 796 1766 nisi
831 1727 997 1777 imperio
1031 1728 1337 1776 communicato,
1368 1741 1514 1773 nun-25

130 1807 248 1843 quam
283 1794 440 1843 plebem
473 1791 513 1830 in
546 1799 656 1842 parte
690 1792 774 1842 pari
808 1792 862 1831 rei
896 1791 1080 1841 publicae
1113 1794 1206 1832 fore.
1263 1806 1339 1832 nec
1366 1806 1464 1841 esse,

131 1859 238 1908 quod
270 1858 478 1908 quisquam
514 1858 606 1896 satis
645 1865 768 1907 putet,
803 1857 835 1896 si
874 1857 1117 1907 plebeiorum
1157 1858 1256 1898 ratio
1294 1858 1465 1898 comitiis

132 1923 401 1963 consularibus
442 1925 649 1972 habeatur,
697 1923 770 1962 nisi
804 1925 968 1962 alterum
1003 1924 1205 1967 consulem
1245 1923 1381 1974 utique
1418 1937 1466 1963 ex

93 1990 248 2042 5plebe
281 1987 362 2027 fieri
400 2001 560 2027 necesse
600 1988 659 2034 sit,
695 1987 894 2026 neminem
933 1989 1025 2026 fore.
1084 2001 1134 2025 an
1168 1988 1245 2026 iam
1277 1988 1468 2026 memoria

134 2055 270 2102 exisse,
290 2067 379 2092 cum
409 2054 588 2092 tribunos
615 2053 782 2092 militum
809 2053 956 2092 idcirco
983 2051 1114 2102 potius
1143 2065 1259 2101 quam
1284 2054 1466 2092 consules
1484 2071 1517 2096 30

135 2119 253 2157 creari
298 2118 522 2169 placuisset,
562 2126 605 2157 ut
643 2127 682 2157 et
722 2118 888 2169 plebeiis
925 2124 1075 2167 pateret
1114 2130 1288 2156 summus
1325 2118 1464 2166 honos,

136 2190 319 2232 quattuor
340 2191 378 2221 et
408 2181 667 2232 quadraginta
690 2182 802 2220 annis
831 2182 1028 2220 neminem
1058 2194 1104 2219 ex
1130 2182 1246 2231 plebe
1267 2181 1466 2220 tribunum

95 2254 118 2291 6
138 2249 301 2286 militum
330 2256 500 2287 creatum
531 2249 639 2287 esse?
695 2247 790 2297 quid
817 2248 1043 2286 crederent?
1071 2247 1278 2285 duobusne
1304 2247 1344 2285 in
1371 2244 1465 2286 locis
