1586 2460
121 85 166 119 18
706 82 867 118 LlVJl

116 185 259 230 omnia,
299 192 337 222 et
376 182 581 221 fluctuanti
621 182 757 221 similis
795 183 900 222 acics
938 192 1028 222 erat.
1099 183 1190 222 dein
1235 192 1447 234 postquam

116 248 345 288 cadentibus
372 246 505 297 primis
531 247 608 285 iam
636 249 687 286 ad
714 261 754 286 se
784 249 950 297 quisque
979 256 1252 298 perventuram
1281 249 1446 288 caedem

76 326 95 356 4
117 315 311 361 cernebat,
336 321 441 362 terga
460 320 627 351 vertunt.
678 312 821 351 instare
843 315 1050 352 Romanus
1063 329 1074 362 3
1104 322 1142 352 et
1161 314 1290 352 donec
1310 314 1446 352 armati

115 379 357 428 confertique
391 377 564 422 abibant,
600 376 781 427 peditum
816 378 924 417 labor
962 378 1002 416 in
1041 379 1318 428 persequendo
1350 378 1447 428 fuit;

115 451 325 494 postquam
359 442 492 481 iactari
529 456 638 480 arma
675 441 820 492 passim
859 444 1030 493 fugaque
1068 456 1137 493 per
1173 457 1286 494 agros
1320 443 1444 494 spargi
1466 462 1481 485 5

114 509 239 547 aciem
276 508 449 546 hostium
487 507 804 547 animadversum
843 516 911 555 est,
953 515 1036 547 tum
1084 508 1260 558 equitum
1298 516 1447 547 turmae

115 575 291 621 emissae,
331 574 426 612 dato
471 573 594 623 signo,
635 586 684 611 ne
729 573 769 611 in
809 573 1051 623 singulorum
1090 574 1283 613 morando
1325 574 1448 613 caede

74 651 93 688 5
116 639 284 689 spatium
321 640 373 677 ad
409 639 658 678 evadendum
691 638 847 677 interim
881 638 1123 677 multitudini
1157 639 1317 677 darent:
1355 639 1448 678 satis

116 718 200 743 esse
227 703 438 742 missilibus
464 716 510 742 ac
535 711 681 742 terrore
707 702 887 752 impediri
915 716 1072 741 cursum
1095 703 1447 754 obequitandoque

115 782 257 819 agmen
283 768 417 814 teneri,
446 769 539 807 dum
570 768 724 817 assequi
754 769 876 817 pedes
907 775 945 806 et
974 767 1075 806 iusta
1104 769 1226 807 caede
1254 769 1447 808 conficere
1468 790 1500 807 ιο

73 837 94 871 6
116 835 270 873 hostem
297 841 439 884 posset.
500 834 613 883 fugae
641 832 914 882 sequendique
941 846 1022 871 non
1051 840 1144 872 ante
1173 840 1331 872 noctem
1360 833 1448 873 finis

115 897 194 936 fuit.
245 905 362 947 capta
382 910 541 948 quoque
561 910 607 935 ac
628 897 782 947 direpta
801 898 946 937 eodem
966 897 1030 936 die
1051 906 1179 936 castra
1197 899 1444 947 Volscorum,

115 964 339 1014 praedaque
360 963 487 1002 omnis
508 970 663 1012 praeter
683 961 805 1000 libera
831 975 996 1012 corpora
1021 963 1134 1014 militi
1161 976 1350 1002 concessa
1376 972 1444 1003 est.

75 1044 93 1081 7
117 1043 203 1079 pars
223 1029 392 1067 maxima
411 1028 655 1078 captivorum
677 1040 724 1065 ex
748 1027 898 1066 Latinis
918 1034 1037 1077 atque
1063 1028 1249 1067 Hernicis
1268 1028 1351 1076 fuit,
1374 1042 1448 1067 nec

121 1093 326 1132 hominum
352 1092 402 1129 de
428 1091 555 1139 plebe,
582 1097 625 1127 ut
651 1088 758 1126 credi
785 1097 918 1138 posset
945 1091 1126 1128 mercede
1153 1090 1350 1136 militasse,
1373 1091 1444 1129 sed
1464 1110 1495 1133 ις,

119 1152 311 1204 principes
333 1153 493 1203 quidam
514 1152 726 1192 iuventutis
747 1151 909 1197 inventi,
931 1151 1141 1190 manifesta
1161 1152 1269 1199 fides,
1292 1152 1451 1202 publica

75 1225 98 1258 8
119 1232 194 1268 ope
215 1220 383 1257 Volscos
403 1219 537 1256 hostes
562 1217 729 1256 adiutos.
791 1216 1074 1255 Circeiensium
1102 1206 1262 1267 quoque
1288 1217 1451 1267 quidam

118 1283 265 1334 cogniti
303 1291 342 1322 et
385 1282 518 1322 coloni
563 1295 586 1320 a
630 1280 789 1320 Velitris
805 1295 816 1329 3
863 1282 1117 1330 Romamque
1162 1294 1302 1320 omnes
1343 1281 1451 1321 missi

117 1349 438 1400 percontantibus
472 1347 706 1399 primoribus
737 1356 893 1397 patrum
929 1347 1080 1395 eadem,
1116 1359 1219 1397 quae
1256 1347 1448 1395 dictatori,

118 1415 380 1454 defectionem
402 1415 460 1453 sui
481 1413 646 1464 quisque
666 1412 815 1463 populi,
837 1412 943 1450 haud
963 1412 1150 1461 perplexe
1169 1411 1404 1451 indicavere.
1471 1431 1502 1447 20

44 1557 101 1600 14
125 1566 152 1596 C
150 1566 308 1596 ontinnca’
320 1566 497 1607 agilalz'ons
512 1570 548 1596 at
570 1567 678 1596 Rome.
711 1565 864 1595 Manlius
885 1563 1016 1594 releases
1030 1574 1050 1593 a
1066 1562 1247 1597 centurion,
1263 1563 1456 1594 condemned

205 1625 234 1651 to
244 1620 470 1661 smw‘ludesor
479 1621 556 1652 deht.
607 1621 730 1651 Violcnt
740 1620 874 1650 emotion
887 1618 982 1660 cfftlze
990 1618 1098 1659 people
1109 1617 1224 1648 roused
1232 1617 1272 1657 by
1281 1617 1334 1648 tlte
1344 1621 1451 1648 centu-

206 1673 305 1704 rion's
319 1679 452 1705 account
466 1674 566 1714 qflzz's
577 1674 710 1705 services
724 1673 796 1703 and
807 1672 991 1713 suffiv‘ings.
1035 1671 1190 1701 Manlius
1203 1671 1275 1702 sells
1290 1671 1344 1702 his
1358 1675 1453 1702 estate

194 1725 257 1766 Jhr
271 1726 323 1757 tlze
339 1726 454 1768 benefit
467 1725 508 1767 (gf
514 1726 689 1766 thepcople.
740 1725 792 1755 He
805 1724 926 1754 attacks
941 1724 995 1754 tlte
1001 1723 1191 1764 patriciam
1205 1722 1360 1764 accusing
1368 1724 1452 1754 tlzem

205 1780 244 1821 qf
252 1781 507 1822 approprialing
519 1781 571 1811 the
577 1780 656 1821 gold
667 1779 831 1811 recovered
833 1779 928 1820 from
943 1779 995 1809 tlte
1015 1778 1126 1809 Gauls.
1471 1783 1504 1807 25

202 1876 380 1915 Dictator
411 1877 623 1916 exercitum
652 1875 692 1914 in
722 1875 871 1914 stativis
903 1875 1076 1923 tenebat,
1102 1858 1267 1912 minime
1295 1874 1450 1930 dubius,

120 1941 266 1979 bellum
299 1955 387 1979 cum
420 1941 464 1979 iis
496 1940 652 1991 populis
687 1948 816 1990 patres
851 1939 1035 1986 iussuros,
1066 1951 1156 1976 cum
1182 1937 1315 1977 -maior
1343 1937 1453 1977 domi

121 2014 254 2044 exorta
283 2008 407 2045 moles
437 2006 566 2057 coegit
594 2006 712 2044 acciri
744 2007 917 2044 Romam
947 2017 1048 2051 eum,
1079 2003 1270 2054 gliscente
1298 2002 1339 2041 in
1368 2002 1453 2042 dies

122 2071 326 2119 seditione,
362 2085 480 2122 quam
511 2071 628 2110 solito
657 2071 781 2120 magis
812 2071 1069 2109 metuendam
1104 2077 1239 2108 auctor
1271 2067 1449 2108 faciebat.

81 2148 100 2172 2
123 2148 202 2173 non
222 2137 327 2174 enim
347 2136 425 2175 iarn
446 2137 641 2186 orationes
663 2137 783 2175 modo
805 2138 861 2174 M.
880 2135 1031 2182 Manlii,
1049 2135 1119 2173 sed
1134 2135 1239 2173 facta
1252 2133 1454 2184 popularia
1470 2155 1504 2179 30

122 2200 162 2236 in
183 2200 365 2252 speciem,
395 2202 636 2239 tumultuosa
663 2201 816 2246 eadem,
845 2213 923 2249 qua
948 2206 1082 2237 mente
1108 2200 1255 2245 fierent,
1284 2196 1453 2236 intuenti

81 2279 101 2314 3
123 2271 241 2302 erant.
300 2265 581 2311 centurionem,
613 2265 787 2303 nobilem
805 2264 1048 2302 militaribus
1079 2262 1200 2309 factis,
1236 2262 1452 2313 iudicatum
