1586 2460
122 74 166 112 16
706 71 859 109 LlVll

117 175 171 212 vis
192 188 231 211 re
258 173 557 211 damnosissima
583 172 700 211 etiam
730 173 925 219 divitibus,
947 175 1207 220 aedificando,
1230 184 1442 214 contracta.

117 239 259 276 bellum
286 237 418 285 itaque
439 238 643 282 Volscum,
663 250 779 286 grave
806 250 875 286 per
903 251 955 283 se,
983 246 1186 276 oneratum
1215 238 1443 277 Latinorum

116 310 233 351 atque
259 302 518 340 Hernicorum
545 302 780 348 defectione,
810 301 849 339 in
877 302 1048 351 speciem
1077 316 1216 342 causae
1244 303 1444 351 iactatum,

52 382 97 406 10
117 376 157 406 ut
192 367 314 406 maior
346 375 520 417 potestas
553 376 826 417 quaereretur3
865 369 932 406 sed
970 381 1072 406 nova
1105 369 1267 407 consilia
1306 369 1445 407 Manlii

118 432 238 482 magis
258 433 483 481 compulere
504 438 683 469 senatum
703 433 753 469 ad
769 432 1000 470 dictatorem
1018 434 1240 471 creandum.
1291 440 1444 472 creatus
1462 452 1477 476 5

115 500 160 535 A.
185 497 390 537 Cornelius
410 499 557 536 Cossus
578 496 804 546 magistrum
828 497 1004 546 equitum
1024 497 1120 535 dixit
1141 498 1187 537 T.
1215 497 1445 546 Quinctium

117 563 395 612 Capitolinum.

41 696 97 741 12
122 704 154 734 T
149 703 187 733 lte
199 703 336 733 (llilczlor
343 703 544 744 poslponing
556 703 609 733 the
623 703 713 733 home
727 707 844 734 contest
860 702 1004 733 marshes
1019 703 1085 733 into
1102 703 1152 733 the
1168 703 1339 743 Pomptine
1352 703 1445 734 terri-

201 762 272 796 lwy
287 762 318 787 lo
334 762 409 787 meet
425 757 476 787 llce
499 757 667 787 Valscfans.
725 757 756 787 T
751 757 789 788 lle
804 757 948 797 question
962 757 1033 787 how
1045 757 1096 788 llte
1117 758 1280 788 Volscz'ans
1288 758 1450 798 procurecl

200 812 251 842 the
278 816 350 842 vast
377 812 516 842 number
536 812 576 853 (gf
592 822 662 841 men
686 811 840 852 required
850 810 911 851 for
934 811 1022 841 llzez'r
1048 821 1134 842 wars
1163 811 1328 843 discussed.
1383 811 1450 842 Tlte
1469 828 1498 846 10

200 865 329 896 adda-css
345 865 385 905 os
396 866 508 896 Cossus
523 869 553 895 lo
569 865 621 894 liis
636 864 764 895 soldiers
780 863 880 904 bcfure
896 863 947 894 tlte
963 864 1067 894 battle.

198 957 376 997 Dictator
410 958 481 997 etsi
516 959 704 997 maiorem
737 957 1030 997 dimicationem
1064 957 1308 1007 propositam
1337 957 1447 996 dorni

116 1036 232 1073 quam
264 1023 354 1061 foris
383 1024 578 1071 cernebat,
611 1030 754 1071 tamen,
782 1036 848 1061 seu
876 1021 968 1071 quia
993 1022 1191 1061 celeritate
1220 1023 1271 1060 ad
1297 1023 1446 1061 bellum

117 1101 214 1137 opus
236 1095 327 1135 erat,
351 1101 417 1126 seu
443 1087 604 1126 victoria
631 1087 909 1136 triumphoque
936 1087 1153 1125 dictaturae
1180 1086 1254 1137 ipsi
1279 1087 1380 1127 vires
1405 1101 1447 1127 se

116 1151 337 1191 additurum
364 1160 479 1199 ratus,
508 1154 655 1191 dilectu
682 1152 817 1190 habito
844 1152 883 1189 in
910 1165 1043 1201 agrum
1073 1151 1339 1201 Pomptinum,
1366 1165 1447 1202 quo
1470 1174 1497 1197 ¹5

77 1232 95 1256 2
116 1230 139 1254 a
159 1217 313 1255 Volscis
334 1217 546 1256 exercitum
568 1218 774 1255 inductum
796 1216 984 1263 audierat,
1005 1217 1142 1266 pergit.
1193 1229 1274 1255 non
1295 1216 1448 1264 dubito,

117 1289 267 1331 praeter
287 1280 518 1329 satietatem,
542 1289 599 1320 tot
626 1281 703 1319 iam
731 1280 837 1319 libris
864 1280 1021 1319 assidua
1047 1281 1151 1320 bella
1174 1294 1266 1319 cum
1293 1281 1448 1321 Volscis

116 1354 224 1396 gesta
249 1348 469 1396 legentibus
496 1346 592 1385 illud
618 1359 777 1396 quoque
806 1359 1090 1391 succursurum,
1113 1346 1222 1395 quod
1249 1345 1345 1383 mihi
1364 1359 1448 1396 per-

117 1413 290 1450 censenti
318 1411 523 1461 propiores
549 1412 792 1460 temporibus
819 1411 957 1448 harum
984 1423 1112 1448 rerum
1139 1417 1318 1449 auctores
1339 1409 1448 1448 mira—

118 1477 206 1514 culo
235 1476 317 1522 fuit,
353 1477 460 1514 unde
492 1475 606 1514 toties
640 1474 752 1513 victis
782 1475 938 1512 Volscis
973 1482 1010 1512 et
1042 1474 1190 1524 Aequis
1225 1473 1448 1513 suffecerint
1467 1495 1500 1513 20

76 1551 98 1587 3
119 1539 270 1578 milites.
328 1541 436 1590 quod
463 1553 550 1577 cum
580 1542 629 1578 ab
659 1538 830 1587 antiquis
857 1537 1017 1575 taciturn
1047 1537 1362 1586 praetermissum
1391 1537 1448 1584 sit,

118 1605 228 1643 cuius
254 1606 414 1644 tandem
439 1618 512 1655 ego
541 1604 596 1643 rei
625 1612 780 1654 praeter
809 1603 1050 1653 opinionem,
1082 1616 1184 1653 quae
1210 1616 1281 1642 sua
1305 1603 1448 1653 cuique

77 1670 355 1717 4coniectanti
389 1683 475 1709 esse
504 1677 646 1719 potest,
680 1676 816 1707 auctor
846 1668 947 1706 sim?
1004 1667 1130 1706 simile
1165 1668 1243 1707 veri
1277 1677 1346 1715 est,
1381 1675 1448 1707 aut

119 1734 328 1773 intervallis
360 1736 565 1782 bellorum,
596 1733 695 1772 sicut
725 1746 830 1771 nunc
859 1733 899 1770 in
928 1731 1136 1771 dilectibus
1164 1734 1207 1771 fit
1243 1734 1446 1781 Romanis,

119 1799 193 1836 alia
218 1807 337 1848 atque
363 1799 438 1837 alia
464 1799 603 1841 subole
630 1797 826 1836 iuniorum
854 1798 905 1835 ad
931 1797 1036 1834 bella
1059 1797 1313 1835 instauranda
1333 1797 1448 1835 toties
1466 1815 1498 1840 25

120 1877 210 1903 usos
248 1878 343 1913 esse,
386 1872 453 1903 aut
490 1878 571 1903 non
611 1878 659 1902 ex
692 1863 831 1902 iisdem
870 1876 1024 1913 semper
1061 1863 1219 1912 populis
1257 1863 1448 1901 exercitus

120 1930 293 1980 scriptos,
329 1943 556 1980 quanquam
591 1931 731 1968 eadem
763 1942 918 1979 semper
951 1942 1048 1978 gens
1083 1929 1230 1970 bellum
1264 1928 1447 1976 intulerit,

80 2007 99 2044 5
120 2002 186 2032 aut
211 1994 538 2033 innumerabilem
566 1993 860 2032 multitudinem
886 1993 1096 2031 liberorum
1124 1992 1297 2042 capitum
1323 1992 1364 2030 in
1393 1991 1448 2031 eis

121 2058 237 2097 fuisse
251 2059 358 2106 locis,
378 2072 477 2109 quae
498 2072 616 2105 nunc,
638 2058 702 2096 vix
723 2057 931 2096 seminario
953 2056 1093 2107 exiguo
1113 2056 1281 2095 militum
1299 2055 1461 2102 relictos

80 2122 275 2161 6servitia
315 2126 497 2162 Romana
533 2125 584 2161 ab
623 2123 835 2162 solitudine
873 2122 1084 2161 vindicant.
1154 2121 1291 2172 ingens
1330 2128 1500 2167 certe‚30

124 2186 230 2233 quod
269 2186 367 2224 inter
406 2200 543 2226 omnes
577 2194 755 2225 auctores
793 2186 1016 2234 conveniat,
1058 2198 1284 2236 quanquam
1322 2198 1449 2235 nuper

124 2249 280 2287 Camilli
308 2251 427 2289 ductu
456 2260 573 2301 atque
603 2252 777 2301 auspicio
806 2251 957 2289 accisae
986 2264 1046 2289 res
1070 2258 1189 2297 erant,
1215 2251 1448 2288 Volscorum
