1586 2460
136 84 185 133 58
725 84 882 121 HVJ]

95 186 117 223 6
136 193 306 231 crcatur;
337 184 448 223 nobis
478 187 580 224 adeo
610 186 766 236 propria
795 195 887 225 sunt
917 187 1104 237 auspicia,
1137 195 1178 226 ut
1209 200 1288 226 non
1319 188 1462 233 solum,

136 264 235 300 quos
264 251 434 300 populus
462 258 568 290 creat
593 251 779 301 patricios
809 251 1067 301 magistratus,
1097 266 1176 291 non
1208 252 1318 291 aliter
1345 265 1463 302 quam

136 316 336 366 auspicato
367 324 481 363 creet,
508 317 578 355 sed
607 331 679 355 nos
712 330 871 368 quoque
900 317 974 367 ipsi
1003 318 1087 356 sine
1117 319 1298 369 suffragio
1327 317 1464 368 populi

137 381 337 430 auspicato
367 382 598 432 interregem
628 383 854 432 prodamus,
883 390 921 421 et
950 383 1091 432 privati
1120 382 1296 433 auspicia
1323 384 1465 421 habea-

98 456 234 493 71nus,
265 459 365 496 quae
395 446 456 485 isti
486 459 534 484 ne
565 447 605 484 in
634 447 926 496 magistratibus
956 447 1115 497 quidem
1151 449 1309 486 habent.
1368 447 1497 497 quids

136 511 250 560 igitur
278 511 385 549 aliud
414 524 533 560 quam
564 511 664 549 tollit
699 525 748 550 ex
781 511 938 551 civitate
972 513 1157 562 auspicia,
1193 512 1260 563 qui
1286 513 1464 563 plebeios

137 575 318 612 consules
348 575 519 612 creando
549 588 572 612 a
600 573 785 623 patribus,
818 574 886 624 qui
921 575 993 613 soli
1028 588 1074 613 ea
1108 576 1252 614 habere
1286 583 1462 625 possunt,

95 643 118 679 8
137 640 284 677 aufert?
339 640 502 678 eludant
532 653 638 678 nunc
666 640 758 678 licet
788 640 1012 690 religiones:
1044 639 1140 690 quid
1170 639 1276 679 enim
1307 652 1403 686 esse,
1434 638 1465 678 si

137 704 231 753 pulli
259 717 340 742 non
366 712 587 754 pascantur,
609 704 640 742 si
668 718 714 743 ex
742 718 862 744 cavea
889 705 1037 744 tardius
1065 705 1240 753 exierint,
1262 704 1294 743 si
1314 704 1463 744 occeci-

137 769 235 808 nerit
261 769 367 807 avis?
422 783 543 820 parva
569 778 660 808 sunt
686 772 803 818 haec,
834 771 904 810 sed
930 784 1050 821 parva
1080 770 1154 809 ista
1182 783 1263 809 non
1293 777 1466 810 contem·
1485 789 1518 807 ιο

96 852 117 886 9
137 836 269 873 nendo
298 833 464 873 maiores
495 835 615 873 nostri
645 835 854 873 maximam
884 837 988 874 hanc
1022 849 1104 874 rem
1132 836 1310 874 fecerunt
1319 849 1330 883 3
1361 848 1466 874 nunc

138 912 220 945 nos,
261 906 449 949 tanquam
492 899 568 937 iam
612 899 708 938 nihil
747 913 845 949 pace
884 901 1049 939 deorum
1089 913 1189 950 opus
1229 899 1288 947 sit,
1328 913 1466 939 omnes

137 964 394 1003 caerimonias
438 965 660 1015 polluimus.
737 967 853 1015 vulgo
900 979 990 1016 ergo
1030 965 1247 1016 pontifices,
1288 979 1464 1016 augures,

138 1029 339 1068 sacrificuli
372 1043 481 1081 reges
520 1039 718 1080 creentur,
763 1031 924 1070 cuilibet
957 1031 1111 1082 apicem
1151 1032 1320 1078 Dialem,
1357 1032 1468 1070 durn-

138 1095 258 1133 modo
285 1096 405 1134 homo
432 1096 492 1142 sit,
520 1096 770 1146 imponamus
780 1109 789 1143 ;
829 1097 1028 1134 tradamus
1057 1095 1209 1143 ancilia,
1239 1095 1464 1146 penetralia,
1486 1117 1517 1141 ις,

74 1178 118 1201 10
138 1160 233 1198 deos
260 1161 506 1210 deorumque
533 1173 677 1206 curam,
700 1160 841 1210 quibus
869 1162 977 1198 nefas
1004 1168 1080 1208 est3
1110 1174 1190 1198 non
1211 1162 1315 1210 leges
1341 1160 1467 1210 auspi-

139 1231 227 1263 cato
248 1226 427 1271 ferantur,
451 1239 530 1264 non
553 1225 799 1276 magistratus
819 1232 999 1263 creentur
1005 1240 1016 1273 3
1046 1238 1121 1263 nec
1147 1224 1372 1264 centuriatis
1393 1238 1467 1264 nec

137 1288 292 1327 curiatis
322 1289 488 1328 comitiis
517 1297 647 1340 patres
677 1297 856 1328 auctores
886 1291 980 1327 fiant
990 1305 999 1337 3
1041 1289 1194 1328 Sextius
1225 1296 1262 1327 et
1292 1287 1466 1327 Licinius

138 1362 326 1403 tanquam
349 1356 542 1393 Romulus
563 1368 608 1392 ac
635 1355 772 1393 Tatius
793 1355 832 1392 in
854 1356 950 1393 urbe
972 1356 1156 1393 Romana
1176 1353 1467 1404 regnent‚-quia

74 1436 111 1459 11
138 1419 323 1467 pecunias
343 1419 502 1465 alienas,
525 1419 616 1468 quia
639 1433 751 1470 agros
780 1421 888 1458 dono
915 1421 1021 1458 dant.
1081 1426 1190 1457 tanta
1217 1419 1387 1457 dulcedo
1408 1427 1465 1457 est
1485 1441 1518 1457 ω

137 1497 185 1521 ex
213 1483 348 1522 alienis
378 1483 542 1522 fortunis
573 1484 799 1533 praedandi,
828 1497 901 1523 nec
931 1484 970 1521 in
998 1491 1171 1522 mentem
1202 1483 1318 1530 venit,
1347 1485 1466 1523 altera

136 1550 219 1598 lege
236 1549 466 1587 solitudines
484 1557 610 1588 vastas
626 1550 664 1587 in
685 1551 783 1600 agris
799 1550 881 1588 fieri
902 1551 1088 1599 pellendo
1105 1549 1247 1588 finibus
1268 1549 1463 1595 dominos,

135 1616 255 1652 altera
291 1616 411 1653 fidem
449 1615 638 1665 abrogari,
679 1629 768 1653 cum
807 1629 886 1665 qua
924 1614 1051 1653 omnis
1089 1616 1262 1653 humana
1300 1615 1466 1653 societas

74 1695 116 1718 12
138 1678 307 1716 tollitur?
363 1679 539 1717 omnium
574 1693 701 1718 rerum
731 1692 850 1717 causa
878 1679 990 1717 vobis
1024 1679 1287 1729 antiquandas
1322 1692 1466 1718 censeo

138 1744 229 1781 istas
249 1744 480 1793 rogationes.
540 1745 649 1794 quod
668 1745 807 1791 faxitis,
831 1746 928 1783 deos
949 1745 1065 1784 velim
1087 1744 1318 1784 fortunare.'’
1484 1764 1515 1790 υς

59 1802 118 1847 42
218 1807 354 1848 Oratio
382 1808 501 1859 Appii
528 1809 645 1847 adid
667 1811 788 1848 modo
809 1809 941 1857 valuit,
963 1818 1006 1848 ut
1032 1817 1190 1859 tempus
1216 1808 1466 1859 rogationum

97 1872 394 1913 2iubendarum
434 1876 677 1924 proferretur.
737 1874 870 1914 refecti
909 1874 1110 1913 decimum
1137 1874 1268 1913 ‘iidem
1307 1873 1464 1921 tribuni,

135 1939 285 1978 Sextius
319 1947 357 1978 et
392 1939 576 1987 Licinius,
611 1941 662 1978 de
695 1939 925 1978 decemviris
956 1952 1153 1978 sacrorum
1175 1952 1239 1977 -ex
1271 1946 1382 1990 parte
1414 1939 1466 1978 de

136 2006 252 2054 plebe
290 2005 468 2044 creandis
506 2007 632 2056 legem
671 2007 874 2056 pertulere.
933 2007 1052 2045 creati
1090 2005 1265 2056 quinque
1299 2012 1463 2054 patrum,

135 2069 308 2119 quinque
337 2070 474 2119 plebis,
504 2071 704 2120 graduque
733 2084 782 2110 eo
811 2070 889 2109 iarn
918 2071 981 2110 via
1007 2072 1111 2109 facta
1139 2066 1190 2108 ad
1218 2071 1465 2109 consulatum
1483 2089 1516 2114 30

95 2145 116 2181 3
136 2134 348 2172 videbatur.
408 2135 483 2172 hac
508 2135 671 2173 victoria
696 2143 884 2174 contenta
909 2136 1048 2186 plebes
1075 2134 1190 2173 cessit
1215 2133 1401 2184 patribus,
1423 2141 1467 2172 ut

135 2198 175 2235 in
204 2198 425 2250 praesentia
457 2201 666 2238 consulum
702 2203 904 2239 mentione
939 2200 1084 2239 omissa
1117 2199 1262 2238 tribuni
1296 2198 1465 2242 militum

136 2272 366 2302 crearentur.
