1586 2460
601 69 788 106 LIBER
837 69 900 105 VJ.
1366 77 1410 114 27

55 187 59 192 ’
88 174 154 213 illa
174 187 253 212 non
274 186 407 211 secum
427 172 565 210 certari
587 172 753 210 viderint
779 182 816 210 ct
844 186 890 209 ex
917 171 1118 209 advocatis
1146 171 1294 208 iudices
1321 168 1414 206 sacti

88 246 202 278 erunt
222 246 260 276 et
279 244 526 284 accusatores
556 238 606 275 de
633 238 760 286 plebe,
793 236 997 286 patricium
1026 249 1135 274 reum
1162 234 1416 273 intuebuntur

88 311 127 342 et
170 302 278 352 regni
317 301 465 339 crimen
509 300 547 338 in
594 300 736 347 medio,
786 299 881 338 nulli
926 300 1047 349 magis
1093 313 1210 349 quam
1248 296 1415 336 libertati

89 368 277 405 favebunt
297 365 425 404 suae.''

57 506 70 528 5
91 493 242 524 illnnlius
255 493 282 524 is
289 497 354 534 pul
364 503 404 522 on
416 492 466 522 ln's
478 493 567 524 trial.
609 493 660 523 He
673 492 701 523 is
711 492 850 522 cleserlccl
863 492 879 521 b
875 503 901 532 y
915 493 964 522 all
973 492 1023 522 llis
1029 491 1163 532 friends
1174 491 1244 521 and
1253 490 1414 522 relations.
1435 481 1493 525 20

175 547 244 578 His
258 547 393 586 movz'ng
405 547 520 587 appcal
533 551 563 577 lo
579 546 631 576 the
642 547 760 588 people,
777 546 884 576 wlliclz
907 546 1000 576 could
1018 550 1072 576 not
1087 545 1348 576 connlerbalance
1367 545 1419 574 tlh»

168 601 336 643 prejudice
355 602 485 641 against
509 602 589 632 lzz'm.
639 602 807 638 However,
833 602 869 632 in
894 601 945 632 the
964 601 1110 641 Campus
1136 600 1273 631 Martius
1296 600 1331 630 in
1346 599 1421 640 full

173 656 259 696 slgrlll
273 655 370 696 (gftlte
388 656 515 695 Capitol
529 656 556 686 it
571 656 598 686 is
612 656 696 686 clear
711 657 783 687 llzal
797 657 850 687 tlte
864 656 990 687 citizens
1001 660 1118 686 cannot
1134 655 1233 695 bring
1242 654 1420 684 themselves

173 701 205 740 >lo
219 709 372 740 condemn
389 709 471 739 ln'ln.
524 710 589 739 The
609 710 694 740 trial
713 710 741 740 is
762 710 918 750 therefore
935 708 1119 751 αιζχὶηινηεᾶ
1135 713 1165 738 to
1184 708 1318 738 another
1332 707 1422 747 place

42 781 73 798 ιο
175 764 247 795 and
258 764 343 795 time.
391 765 443 795 He
460 765 488 795 z's
503 764 697 795 condemned
708 765 779 795 czml
791 764 948 796 execzcted.
994 764 1025 794 A
1037 762 1351 803 pestilencefhllows,
1370 772 1418 792 as-

175 818 282 849 cribed
293 818 331 858 by
345 828 429 848 some
443 823 474 848 to
488 818 540 849 tlze
554 829 657 859 anger
667 818 705 859 of
712 818 847 859 lhegods
861 822 897 848 at
910 817 963 848 tlte
973 817 1135 848 execution
1150 816 1190 856 of
1197 816 1249 846 llze
1257 821 1422 856 prcserver

175 871 216 913 qs
222 872 274 903 tlte
291 872 472 912 Capitoline
485 874 605 913 temple.

171 959 497 1010 Approbantibus
524 960 674 998 cunctis
701 959 806 998 diem
835 959 987 997 Manlio
1014 958 1159 997 dicunt.
1220 959 1327 1007 quod
1354 957 1421 996 ubi

91 1033 149 1064 est
183 1026 340 1074 facturn,
381 1025 507 1075 primo
547 1033 748 1064 commota
786 1026 897 1075 plebs
937 1032 1004 1071 est,
1042 1023 1175 1073 utique
1210 1031 1422 1072 postquam

44 1108 74 1130 15
93 1089 336 1129 sordidatum
364 1104 473 1128 reum
500 1090 681 1128 viderunt
709 1103 782 1127 nec
809 1102 898 1128 cum
929 1102 976 1126 eo
1006 1101 1086 1126 non
1117 1089 1237 1126 modo
1268 1095 1419 1137 patrum
1443 1105 1460 1128 2

92 1168 344 1205 quemquam,
376 1156 445 1193 sed
475 1168 524 1193 ne
554 1162 741 1205 cognatos
770 1153 929 1203 quidem
955 1161 1021 1191 aut
1046 1154 1193 1199 affines,
1222 1160 1422 1201 postremo

94 1233 143 1258 ne
171 1221 306 1258 fratres
335 1219 496 1268 quidem
525 1221 571 1256 A.
606 1227 645 1257 et
675 1221 721 1257 T.
755 1218 938 1265 Manlios,
970 1218 1077 1267 quod
1112 1218 1161 1256 ad
1197 1230 1286 1255 eum
1316 1216 1421 1255 diem

95 1298 298 1335 nunquam
343 1298 414 1323 usu
459 1285 641 1332 venisset,
683 1292 723 1322 ut
769 1284 808 1321 in
853 1291 964 1322 tanto
1005 1281 1227 1321 discrimine
1267 1294 1346 1319 non
1385 1288 1422 1319 et

95 1349 260 1400 proximi
293 1358 442 1388 vestem
477 1357 694 1388 mutarent:
736 1352 838 1398 App.
876 1347 1044 1387 Claudio
1074 1346 1113 1384 in
1143 1346 1272 1384 vincla
1300 1347 1421 1384 ducto
1443 1364 1463 1398 3

45 1434 78 1451 20
96 1414 138 1451 C.
164 1412 374 1452 Claudium
396 1411 598 1449 inimicum
621 1412 906 1459 Claudiamque
934 1423 1092 1448 omnem
1119 1416 1275 1459 gentem
1304 1407 1423 1446 sordi-

95 1478 228 1516 datam
267 1476 408 1524 fuisse3
439 1490 635 1515 consensu
675 1475 842 1526 opprimi
882 1477 1112 1525 popularem
1147 1473 1283 1520 virum,
1315 1473 1423 1522 quod

95 1542 242 1592 primus
270 1555 294 1579 a
322 1542 495 1591 patribus
524 1542 575 1579 ad
603 1542 762 1590 plebem
792 1538 1011 1578 defecisset.
1047 1551 1160 1576 -.cum
1191 1538 1274 1575 dies
1304 1535 1421 1583 venit,
1443 1549 1466 1582 4

97 1619 197 1656 quae
235 1613 388 1655 praeter
427 1613 562 1643 coetus
602 1600 863 1643 multitudinis
903 1603 1185 1651 seditiosasque
1224 1614 1341 1640 voces
1386 1609 1423 1638 et

96 1669 341 1719 largitionem
371 1676 410 1708 et
436 1670 553 1706 fallax
579 1668 768 1706 indicium
796 1667 1030 1717 pertinentia
1056 1664 1211 1716 proprie
1239 1666 1290 1703 ad
1317 1663 1424 1714 regni

48 1757 79 1780 25
97 1734 245 1772 crimen
278 1735 328 1772 ab
362 1732 655 1771 accusatoribus
685 1733 840 1770 obiecta
868 1733 944 1770 sint
974 1744 1053 1778 reo,
1084 1731 1190 1780 apud
1220 1728 1420 1768 neminem

98 1807 299 1837 auctorem
332 1797 492 1836 invenio
506 1812 527 1845 ;-
560 1810 633 1842 nec
673 1796 823 1843 dubito,
864 1797 970 1834 haud
1010 1808 1129 1845 parva
1166 1794 1294 1840 fuisse,
1334 1806 1464 1847 cum5

98 1863 313 1903 damnandi
352 1877 462 1902 mora
498 1863 605 1912 plebi
644 1876 721 1901 non
762 1862 802 1900 in
836 1875 964 1910 causa,
1001 1862 1070 1899 sed
1104 1860 1144 1898 in
1177 1861 1267 1898 loco
1300 1858 1422 1897 fuerit.

98 1927 203 1964 illud*
222 1926 440 1964 notandum
467 1924 630 1971 videtur,
652 1932 696 1962 ut
721 1923 846 1962 sciant
872 1923 1065 1971 homines,
1088 1935 1188 1972 quae
1215 1930 1253 1960 et
1280 1928 1426 1971 quanta

99 1991 244 2030 decora
267 1990 385 2028 foeda
410 1988 601 2039 cupiditas
629 1987 736 2038 regni
762 2001 843 2026 non
869 1987 1020 2038 ingrata
1046 1987 1184 2033 solum,
1207 1987 1276 2024 sed
1303 1985 1426 2024 invisa

52 2078 84 2102 30
99 2054 216 2094 etiam
237 2052 480 2094 reddiderit:
519 2052 698 2090 homines
724 2064 846 2101 prope
866 2051 1173 2101 quadringentos
1195 2049 1426 2100 produxisse
1445 2058 1468 2094 6

101 2118 252 2166 dicitur,
299 2118 440 2168 quibus
485 2117 568 2155 sine
612 2118 746 2155 fenore
791 2128 985 2165 expensas
1029 2114 1218 2165 pecunias
1263 2113 1424 2162 tulisset,

101 2197 269 2234 quorum
297 2184 404 2222 bona
430 2181 571 2228 venire,
601 2194 700 2230 quos
727 2170 817 2219 duci
844 2179 1024 2218 addictos
1051 2179 1314 2229 prohibuisset
1327 2193 1337 2227 3
1360 2174 1426 2217 'ad
1449 2194 1468 2230 7

97 2236 200 2288 'haec
219 2249 365 2293 decora
391 2260 550 2297 quoque
577 2246 670 2285 belli
696 2258 777 2285 non
804 2258 1135 2284 commemorasse
1163 2252 1326 2293 tanturn,
1357 2244 1428 2282 sed
