1586 2460
625 86 810 123 LIBER
859 87 921 124 Vs.
1384 103 1396 126 1
1409 103 1427 137 7
1474 72 1485 80 ”

107 178 300 218 exercitus
332 180 430 227 fuit;
467 182 517 219 ad
550 183 624 221 hoc
661 183 788 222 Latini
827 186 1068 236 Hernicique
1108 199 1351 228 accesserant
1391 200 1429 228 et

107 243 390 284 Circeiensium
422 246 583 295 quidam
618 254 656 286 ct
690 249 820 287 coloni
856 249 973 288 etiam
1008 265 1030 288 a
1063 253 1216 290 Velitris
1249 255 1428 293 Romani.

109 308 300 356 Dictator,
339 310 475 348 castris
509 324 557 349 eo
591 312 655 350 die
689 313 837 362 positis,
878 323 1033 364 postero
1071 330 1190 365 quum
1229 318 1430 368 auspicato
1452 331 1471 367 7

106 373 301 423 prodisset
319 375 526 426 hostiaque
546 390 660 415 caesa
681 392 817 427 pacem
843 379 961 417 deum
988 381 1200 428 adorasset,
1232 383 1354 421 laetus
1380 385 1430 421 ad

39 466 42 467 γ
74 437 249 484 5ῐῐιί1ἰῐεε
286 439 363 478 iarn
401 454 507 478 arma
545 443 594 480 ad
635 443 878 492 propositum
925 458 1080 494 pugnae
1125 446 1291 495 signum,
1332 447 1431 486 sicut

107 501 280 540 edictum
318 511 410 550 erat,
452 505 540 542 luce
580 505 705 554 prima
749 507 950 554 capientes
989 508 1187 555 processit.
1265 512 1473 548 “nostra8

107 566 268 606 victoria
287 576 357 614 est,
378 567 519 607 milites
534 569 552 584 '³
574 569 711 619 inquit,
737 570 802 608 “si
830 569 925 619 quid
952 571 991 608 di
1019 580 1204 621 vatesque
1230 586 1364 612 eorum
1393 573 1431 611 in

107 632 280 670 futurum
301 631 444 671 vident
505 632 649 682 itaque,
672 641 714 671 ut
735 635 849 672 decet
870 642 998 672 certae
1018 635 1101 684 spei
1120 637 1257 684 plenos
1278 646 1316 675 et
1342 651 1432 675 cum

107 695 320 746 imparibus
358 710 497 735 manus
542 707 802 745 conserturos‚
843 698 932 748 pilis
976 707 1067 737 ante
1114 701 1234 749 pedes
1281 701 1431 750 positis,

59 782 90 800 ιο
105 760 243 811 gladiis
277 769 429 800 tanturn
461 764 614 801 dextras
648 777 852 802 armemus.
912 777 961 803 ne
992 766 1163 813 procurri
1193 765 1353 814 quidem
1381 769 1431 805 ab

106 826 190 866 acie
210 827 338 874 velim,
361 829 429 866 sed
450 828 616 867 obnixos
641 842 711 868 vos
739 829 866 868 stabili
893 831 1014 878 gradu
1041 829 1232 879 impetum
1259 831 1430 870 hostium

107 892 296 943 excipere.
355 894 422 933 ubi
442 894 497 932 illi
517 908 618 933 vana
638 895 842 934 iniecerint
862 894 1021 933 missilia
1042 903 1079 933 et
1104 895 1213 934 effusi
1241 898 1432 935 stantibus
1452 911 1473 946 9

106 957 218 996 vobis
238 971 281 997 se
300 957 512 1006 intulerint,
534 967 617 998 tum
648 959 793 998 micent
819 958 948 1009 gladii,
972 967 1010 997 et
1035 959 1165 998 veniat
1193 960 1231 998 in
1259 969 1430 999 mentem

107 1021 328 1072 unicuique,
364 1024 459 1062 deos
493 1037 589 1072 esse,
623 1023 688 1074 qui
729 1026 954 1062 Romanum
988 1024 1183 1071 adiuvent,
1221 1026 1327 1072 deos,
1365 1025 1430 1074 qui

61 1105 88 1129 ιε
107 1088 288 1127 secundis
327 1089 465 1127 avibus
502 1089 542 1127 in
581 1089 773 1138 proelium
812 1090 997 1128 miserint.
1075 1098 1126 1136 tu,
1167 1092 1213 1128 T.
1256 1090 1429 1138 Quincti,
1456 1103 1501 1125 10

106 1152 279 1202 equitem
305 1153 478 1191 intentus
504 1155 554 1192 ad
583 1154 748 1203 primum
777 1154 928 1191 initium
959 1154 1053 1192 moti
1075 1154 1295 1192 certaminis
1316 1162 1406 1194 tene
1421 1169 1432 1202 3

105 1225 146 1258 at
165 1218 233 1256 ubi
251 1219 410 1258 haerere
429 1218 506 1257 iam
528 1220 653 1257 aciem
674 1221 818 1258 collato
839 1221 941 1269 pede
964 1219 1114 1265 videris,
1138 1228 1219 1258 tum
1246 1228 1432 1259 terrorem

105 1291 328 1334 equestrem
358 1283 561 1333 occupatis
589 1284 665 1323 alio
681 1297 826 1333 pavore
854 1284 962 1330 infer,
992 1283 1248 1334 invectusque
1277 1285 1432 1323 ordines

106 1348 364 1398 pugnantium
391 1348 571 1398 dissipa.'’
627 1348 682 1386 sic
703 1361 835 1398 eques,
858 1348 914 1386 sic
941 1349 1074 1398 pedes,
1102 1357 1144 1387 ut
1170 1358 1430 1399 praeceperat,
1456 1365 1494 1389 11

57 1433 89 1450 ω
106 1421 305 1464 pugnant;
334 1426 409 1452 nec
428 1415 507 1453 dux
527 1413 700 1463 legiones
722 1426 794 1452 nec
815 1414 970 1451 fortuna
990 1414 1124 1451 fefellit
1145 1413 1299 1451 ducem.

108 1558 141 1588 T
139 1557 178 1588 lle
198 1567 310 1596 enemy
328 1556 474 1597 trustz'ng
492 1556 528 1587 in
552 1556 636 1587 their
655 1556 808 1586 numbers
828 1565 884 1586 are
906 1554 1002 1594 easily
1021 1554 1167 1595 defiuled.
1223 1555 1286 1586 The
1297 1556 1432 1596 pursm't
1452 1546 1509 1590 13

191 1609 271 1640 lasts
285 1609 341 1640 till
353 1608 519 1650 night-fall.
565 1610 597 1640 A
613 1619 691 1648 very
705 1610 795 1650 large
810 1608 946 1638 number
959 1608 1169 1649 osprz'soners
1183 1619 1241 1639 are
1255 1609 1348 1639 taken
1364 1609 1436 1639 and

191 1668 265 1695 vast
292 1663 383 1704 spoil.
431 1663 530 1695 From
558 1662 609 1693 tlze
635 1662 772 1692 number
792 1661 832 1702 of
848 1663 950 1693 Latin
976 1662 1047 1692 ancl
1069 1662 1241 1693 ffi⁷·112'‹·an
1264 1663 1432 1703 prisoners

191 1718 299 1756 taken,
323 1718 394 1748 and
408 1717 460 1749 the
478 1717 576 1748 social
590 1717 731 1757 position
753 1717 794 1757 of
803 1727 885 1748 some
905 1716 946 1756 os
960 1716 1055 1754 them,
1082 1716 1108 1746 il
1129 1717 1154 1746 is
1177 1717 1296 1756 clearly
1312 1717 1438 1757 proved

58 1786 90 1810 25
192 1773 265 1804 tlzat
278 1772 363 1805 those
374 1777 438 1804 two
447 1772 568 1813 peoples
583 1772 665 1802 leave
671 1771 820 1812 publc'cly
834 1771 969 1802 assz'sted
979 1771 1031 1801 tlte
1044 1781 1160 1811 enemy.

188 1864 407 1904 Multitudo
422 1864 605 1910 hostium,
623 1863 717 1902 nulli
737 1864 790 1902 rei
811 1872 1082 1913 praeterquam
1099 1876 1262 1901 numero
1283 1864 1379 1902 freta
1395 1870 1433 1902 et

106 1929 231 1968 oculis
267 1937 473 1979 utramque
512 1928 677 1968 metiens
722 1928 857 1975 aciem,
906 1936 1052 1966 temere
1097 1927 1288 1977 proelium
1335 1927 1430 1974 iniit,

107 2002 255 2034 temere
275 1993 407 2033 omisit
419 2009 430 2043 3
461 1995 632 2032 clamore
652 2001 805 2032 tantum
827 1991 1116 2041 missilibusque
1137 1991 1223 2029 telis
1243 2001 1281 2031 et
1307 1992 1432 2042 primo
1454 2006 1474 2030 2

107 2071 264 2110 pugnae
283 2058 433 2109 impetu
453 2059 570 2104 ferOX,
592 2058 743 2107 gladios
770 2065 808 2095 et
835 2057 1021 2094 collatum
1048 2056 1191 2105 pedem
1221 2063 1258 2094 et
1284 2056 1432 2094 vultum

58 2121 232 2166 aoho'stis
259 2123 399 2162 ardore
427 2121 548 2160 animi
578 2120 789 2159 micantem
818 2121 916 2158 ferre
950 2132 1031 2158 non
1064 2119 1202 2169 potuit.
1266 2119 1431 2169 impulsa
1454 2131 1475 2167 3

106 2189 214 2238 frons
240 2187 366 2238 prima
392 2195 431 2226 et
457 2185 668 2237 trepidatio
694 2184 879 2224 subsidiis
899 2184 1004 2222 illata
1017 2198 1028 2232 3
1057 2192 1094 2222 et
1115 2197 1227 2222 suum
1249 2191 1432 2223 terrorem

108 2253 238 2292 intulit
276 2266 396 2306 eques
410 2267 422 2302 3
467 2253 569 2303 rupti
610 2251 712 2290 inde
742 2250 873 2289 multis
911 2251 1007 2289 locis
1046 2250 1202 2288 ordines
1247 2257 1432 2298 motaque

1224 2343 1321 2370 2—2
