1586 2460
121 90 160 114 12
701 75 861 112 LlVlI

70 185 91 219 8
112 179 277 219 diremit.
338 178 449 227 signo
476 178 619 217 deinde
649 178 823 228 receptui
850 179 955 226 dato,
984 191 1061 218 nox
1094 179 1269 218 insecuta
1301 179 1442 229 quietis

112 245 302 283 Romanis
325 243 484 293 perfecit
506 245 662 282 bellum.
716 243 844 282 Latini
865 257 1036 293 namque
1057 252 1093 282 et
1117 243 1280 282 Hernici
1301 244 1443 283 relictis

112 308 263 348 Volscis
297 309 437 347 domos
472 308 637 358 profecti
667 316 768 356 sunt,
802 308 914 347 malis
949 308 1121 347 consiliis
1160 322 1271 359 pares
1309 309 1442 360 adepti

69 381 291 428 9eventus;
335 372 470 412 Volsci
510 373 576 412 ubi
617 386 658 412 se
698 375 873 412 desertos
911 374 961 411 ab
1000 373 1056 411 eis
1094 373 1236 419 videre,
1277 386 1441 423 quorum

112 438 253 476 fiducia
290 438 586 484 rebellaverant,
627 437 769 476 relictis
809 437 943 476 castris
983 437 1189 475 moenibus
1226 438 1364 476 Satrici
1402 451 1476 481 ses

111 504 328 541 includunt.
379 515 478 552 quos
498 502 623 553 primo
645 502 836 542 Camillus
858 503 960 540 vallo
981 502 1226 541 circumdare
1246 510 1284 541 et
1303 515 1442 553 aggere

47 586 92 609 10
111 575 229 617 atque
267 567 451 617 operibus
491 579 721 616 oppugnare
761 573 818 605 est
857 567 1029 605 adortus.
1093 579 1195 615 quae
1233 574 1442 616 postquam

111 633 217 670 nulla
246 632 451 682 eruptione
480 631 660 682 impediri
689 630 808 679 videt,
839 633 970 669 minus
1003 644 1087 669 esse
1121 629 1241 669 animi
1271 638 1375 669 ratus
1404 631 1442 669 in

112 699 236 744 hoste,
257 710 374 746 quam
401 704 443 735 ut
463 696 504 735 in
531 709 578 736 eo
598 704 677 735 tam
706 698 834 735 lentae
862 696 945 745 spei
968 696 1168 734 victoriam
1189 704 1441 746 exspectaret,

116 762 340 799 cohortatus
357 759 508 806 milites,
530 762 609 798 “ne
625 767 811 808 tanquam
828 759 949 797 Veios
966 765 1237 808 oppugnantes
1257 757 1297 796 in
1318 771 1436 809 opere
1456 776 1487 793 ιο

118 824 332 873 longinquo
354 836 438 862 sese
458 831 649 862 tererent:
677 824 878 861 victoriam
901 822 939 860 in
957 822 1136 860 manibus
1153 824 1272 868 esse‚”
1287 823 1435 873 ingenti

114 886 279 924 militum
301 885 501 924 alacritate
521 885 678 924 moenia
698 884 873 934 undique
894 897 1096 934 aggressus
1119 883 1232 923 scalis
1252 883 1443 934 oppidum

113 952 230 1002 cepit.
288 951 426 990 Volsci
447 951 611 990 abiectis
633 950 750 990 armis
771 964 855 990 sese
877 950 1121 989 dediderunt.

67 1101 94 1144 9
119 1104 280 1136 Camillus
301 1108 433 1134 returns
453 1107 483 1133 to
506 1104 606 1134 Rome
627 1106 656 1134 to
679 1113 758 1143 urge
780 1103 831 1134 tlte
853 1104 968 1134 Senate
989 1107 1020 1134 to
1036 1103 1172 1144 provide
1194 1114 1304 1135 means
1316 1104 1378 1144 fhr
1397 1105 1450 1136 the

200 1158 392 1188 destruction
423 1157 464 1198 of
485 1157 640 1188 Antium.
696 1157 799 1187 [Vhile
827 1157 867 1187 he
887 1157 913 1186 is
936 1157 1096 1197 speaking,
1119 1157 1340 1189 ambassadors
1350 1158 1445 1198 from
1467 1174 1497 1198 15

200 1213 318 1254 Mpe‘te
331 1212 444 1242 arrive
461 1212 642 1252 imploring
655 1211 836 1242 assistance.
888 1211 1048 1242 Camillus
1068 1213 1139 1242 and
1159 1212 1308 1244 Valerius
1315 1214 1452 1254 proceed

199 1271 230 1297 to
250 1266 419 1301 Sutrium,
443 1270 610 1306 recapture
629 1265 682 1296 tlze
692 1265 825 1306 portion
845 1265 887 1304 of
899 1265 925 1295 it
945 1265 1103 1306 captured
1119 1266 1158 1306 by
1177 1266 1229 1297 llze
1249 1266 1443 1305 Etruscam,

200 1321 272 1352 and
284 1321 420 1361 disperse
434 1320 485 1350 tlze
499 1330 620 1359 enemy.
666 1319 699 1350 T
693 1319 752 1360 hey
766 1319 842 1350 then
860 1319 970 1349 march
985 1323 1015 1350 to
1025 1320 1142 1360 Nepete
1154 1319 1258 1350 which
1271 1320 1299 1351 is
1312 1321 1449 1362 entirely

201 1377 238 1407 in
255 1376 306 1406 the
321 1374 428 1405 hands
442 1374 483 1415 qf
490 1375 542 1405 tlte
557 1375 752 1405 Etruscam.

197 1471 384 1509 Ceterum
403 1468 557 1506 animus
578 1466 690 1506 ducis
710 1466 765 1506 rei
793 1466 943 1514 maiori,
965 1466 1099 1513 Antio,
1121 1466 1377 1506 imminebat:
1407 1468 1446 1506 id
1466 1488 1499 1504 20

78 1551 95 1574 2
117 1541 235 1583 caput
263 1534 511 1579 Volscorum,
538 1545 625 1571 eam
653 1532 772 1570 fuisse
800 1531 991 1581 originem
1018 1531 1185 1581 proximi
1215 1531 1316 1571 belli.
1376 1532 1447 1570 sed

118 1598 209 1648 quia
252 1598 325 1635 nisi
371 1609 514 1647 magno
558 1604 760 1646 apparatu,
800 1596 1006 1635 tormentis
1045 1596 1326 1646 machinisque,
1366 1606 1446 1636 tam

118 1663 245 1701 valida
266 1664 357 1700 urbs
384 1661 472 1711 capi
498 1674 581 1700 non
607 1669 774 1711 poterat,
802 1661 940 1700 relicto
967 1662 1017 1700 ad
1045 1661 1257 1700 exercitum
1284 1662 1445 1712 collega,

121 1731 289 1768 Romam
316 1735 374 1766 est
401 1728 611 1777 profectus,
639 1734 681 1765 ut
707 1734 888 1765 senatum
915 1727 966 1765 ad
993 1726 1256 1765 excidendum
1282 1728 1446 1766 Antium

75 1805 96 1840 3
116 1794 341 1832 hortaretur.
419 1792 520 1831 inter
556 1805 779 1839 sermonem
820 1792 902 1831 eius
943 1790 1079 1843 (credo
1116 1804 1200 1829 rem
1244 1790 1446 1830 Antiatem
1467 1808 1499 1833 25

117 1859 398 1897 diuturniorem
436 1870 595 1896 manere
633 1858 694 1895 dis
732 1856 841 1895 cordi
879 1856 1016 1908 fuisse)
1055 1856 1170 1906 legati
1207 1857 1258 1894 ab
1291 1857 1448 1906 Nepete

117 1937 163 1962 ac
200 1924 328 1962 Sutrio
365 1923 550 1961 auxilium
589 1923 777 1961 adversus
823 1924 1011 1960 Etruscos
1055 1928 1235 1970 petentes
1272 1920 1445 1968 veniunt,

119 1991 275 2028 brevem
310 1989 560 2028 occasionem
596 2001 680 2026 esse
713 1987 863 2026 ferendi
897 1985 1028 2025 auxilii
1065 1993 1339 2024 memorantes.
1398 1997 1447 2024 eo

76 2054 193 2101 4vim
234 2054 388 2094 Camilli
427 2054 476 2092 ab
515 2052 637 2091 Antio
675 2054 832 2091 fortuna
864 2051 1010 2090 avertit.
1070 2063 1242 2099 namque
1275 2063 1364 2088 cum
1400 2063 1447 2088 ea

119 2120 206 2158 loca
243 2119 428 2169 opposita
466 2117 644 2156 Etruriae
683 2125 722 2156 et
759 2118 864 2155 velut
901 2118 1070 2155 claustra
1102 2116 1196 2154 inde
1229 2122 1445 2165 portaeque
1465 2135 1499 2158 30

119 2191 260 2227 essent,
296 2191 335 2221 et
368 2182 442 2220 illis
476 2182 699 2231 occupandi
734 2194 790 2228 ea,
828 2194 916 2218 cum
951 2180 1047 2230 quid
1081 2179 1173 2218 novi
1206 2179 1444 2226 molirentur,

78 2257 98 2295 5
120 2255 157 2285 et
180 2247 370 2284 Romanis
391 2246 648 2295 recuperandi
670 2245 885 2293 tuendique
906 2257 999 2282 cura
1019 2252 1110 2283 erat.
1160 2243 1275 2293 igitur
1294 2241 1445 2281 senatui
