1586 2460
122 102 169 133 42
709 85 871 122 LIVII

45 261 101 305 31
127 278 190 302 uc.
211 271 282 310 378.
329 269 488 299 Rencwca'
499 268 720 300 disturbantes
734 273 770 299 al
785 269 874 298 home
893 268 1006 309 owing
1018 273 1048 300 to
1063 269 1115 299 the
1125 269 1314 309 prevalence
1327 267 1367 309 qf
1374 267 1453 299 debt.

211 325 367 356 lnvasz'on
391 324 428 364 by
451 325 503 354 lhe
532 324 703 355 bblsct'atzs.
757 324 822 354 lee
842 327 948 354 senate
972 333 1029 353 are
1051 322 1172 363 obliged
1191 327 1220 353 ta
1242 323 1384 363 suspend
1401 322 1454 354 the

209 378 377 414 tributum,
394 377 586 417 andstwbid
598 376 803 418 proceedings
822 381 853 406 lo
875 375 907 406 be
926 375 1020 406 taken
1041 375 1171 415 against
1189 375 1310 406 debtors
1328 375 1457 417 during

206 433 496 464 llze'cmztz'nuance
517 432 557 473 of
579 431 632 463 tlte
653 442 735 467 war,
759 431 860 472 before
881 441 926 461 an
957 441 1054 470 army
1076 441 1136 460 can
1166 430 1200 461 be
1221 430 1334 462 raised.
1385 431 1417 461 T
1416 430 1456 462 lte

206 488 334 517 Roman
365 497 472 527 army,
500 485 618 516 unable
646 490 676 516 to
706 485 805 525 bring
832 485 884 515 tlte
914 484 1074 514 Vola-iaus
1102 488 1134 514 ta
1161 494 1207 514 an
1237 488 1449 524 engagement,
1469 497 1484 521 5

206 539 398 578 ls'wmnglzly
414 540 589 569 devastatas
605 539 692 569 their
707 539 796 569 land.
840 538 1049 578 Praceedings
1072 538 1202 579 against
1221 537 1341 568 dsblors
1360 537 1452 579 begin
1529 526 1531 529 ‚

204 593 314 634 again,
331 593 402 624 and
413 593 465 623 tlte
478 592 636 624 tributum
653 592 681 623 is
696 593 796 633 again
813 591 921 622 leviecl.

202 705 452 755 Insequentis
500 705 592 742 anni
644 703 834 754 principia
882 704 1013 743 statim
1061 704 1256 743 seditione
1304 704 1452 755 ingenti

119 785 255 819 arsere,
297 771 460 809 tribunis
507 770 674 809 militum
724 769 919 809 consulari
958 777 1156 820 potestate
1204 771 1268 820 Sp.
1321 770 1449 818 Furio,

121 839 168 886 Q.
210 836 370 875 Servilio
409 837 561 883 iterum,
593 837 637 875 L.
680 836 870 875 Menenio
909 836 1077 883 tertium,
1110 837 1151 873 P.
1194 834 1359 884 Cloelio,
1393 837 1449 874 M.
1471 859 1500 876 ιο

79 920 98 943 2
123 903 303 947 Horatio,
344 903 386 939 L.
430 900 621 950 Geganio.
681 909 762 938 erat
800 907 932 938 autem
972 907 1009 938 et
1049 899 1212 938 materia
1248 907 1286 938 et
1333 913 1451 938 causa

119 967 322 1006 seditionis
347 980 413 1005 aes
439 967 612 1005 alienum
625 981 636 1015 3
667 966 777 1004 cuius
805 965 996 1004 noscendi
1022 965 1145 1016 gratia
1171 967 1236 1015 Sp.
1269 965 1451 1004 Servilius

120 1034 284 1080 Priscus,
308 1034 355 1082 Q.
381 1033 553 1072 Cloelius
582 1031 736 1070 Siculus
763 1044 946 1069 censores
972 1030 1074 1079 facti,
1098 1043 1148 1070 ne
1174 1044 1255 1069 rem
1277 1038 1446 1080 agerent,

77 1113 97 1148 3
119 1099 222 1136 bello
261 1097 440 1147 impediti
478 1105 593 1145 sunt3
631 1109 805 1146 namque
844 1096 986 1146 trepidi
1024 1095 1151 1134 nuntii
1189 1096 1327 1146 primo,
1360 1097 1451 1146 fuga

119 1162 263 1201 deinde
284 1176 330 1200 ex
349 1161 449 1212 agris
469 1161 645 1212 legiones
666 1163 901 1200 Volscorum
928 1161 1120 1211 ingressas
1140 1162 1240 1199 fines
1259 1160 1451 1211 populari·
1471 1182 1500 1206 ις

76 1245 99 1278 4
118 1241 192 1278 que
214 1228 358 1277 passim
381 1230 609 1266 Romanum
636 1239 772 1277 agrum
799 1226 973 1264 attulere.
1032 1225 1072 1263 in
1092 1239 1171 1275 qua
1189 1225 1451 1276 trepidatione

118 1301 270 1331 tantum
297 1292 403 1340 afuit,
426 1300 467 1331 ut
493 1292 620 1331 civilia
647 1292 861 1331 certamina
887 1299 1007 1330 terror
1033 1299 1215 1331 externus
1236 1291 1448 1340 cohiberet,

119 1367 160 1396 ut
197 1367 334 1397 contra
371 1371 419 1397 eo
456 1358 663 1397 violentior
711 1365 886 1408 potestas
936 1357 1145 1396 tribunicia
1190 1357 1448 1408 impediendo

118 1423 262 1461 dilectu
302 1430 414 1470 esset,
455 1424 585 1462 donec
623 1421 878 1462 condiciones
917 1422 1124 1473 impositae
1171 1423 1359 1474 patribus,
1398 1435 1449 1461 ne

118 1487 216 1537 quis,
249 1488 380 1537 quoad
412 1488 653 1526 debellatum
686 1494 799 1534 esset,
833 1487 1019 1525 tributum
1055 1488 1163 1526 daret
1197 1494 1264 1526 aut
1300 1486 1360 1526 ius
1398 1487 1449 1525 de
1468 1505 1501 1521 20

82 1561 100 1598 5
123 1550 286 1599 pecunia
307 1551 453 1590 credita
472 1551 630 1589 diceret.
688 1562 735 1586 eo
763 1550 986 1586 laxamento
1012 1548 1119 1597 plebi
1147 1554 1314 1596 sumpto,
1338 1559 1448 1584 mora

116 1612 274 1650 dilectui
309 1624 390 1650 non
428 1617 486 1650 est
523 1611 636 1649 facta.
695 1609 917 1659 legionibus
956 1608 1068 1647 novis
1107 1607 1272 1658 scriptis,
1303 1607 1450 1658 placuit

117 1676 216 1714 duos
248 1675 437 1714 exercitus
466 1675 506 1713 in
538 1688 671 1725 agrum
704 1676 895 1713 Volscum
927 1673 1148 1724 legionibus
1179 1672 1311 1712 divisis
1342 1673 1446 1713 duci.

116 1742 179 1790 Sp.
222 1740 369 1788 Furius,
402 1741 458 1778 M.
502 1739 692 1778 Horatius
731 1740 954 1778 dextrorsus
991 1739 1032 1777 in
1072 1738 1305 1777 maritimam
1339 1751 1448 1777 oram

115 1814 232 1855 atque
253 1805 426 1852 Antium,
450 1806 498 1854 Q.
522 1805 704 1844 Ser-vilius
732 1811 771 1843 et
792 1806 832 1842 L.
865 1804 1065 1854 Geganius
1091 1805 1202 1842 laeva
1221 1804 1272 1842 ad
1292 1812 1448 1843 montes
1466 1822 1498 1846 25

75 1878 97 1913 6
119 1873 299 1915 Ecetram
325 1878 502 1921 pergunt.
562 1878 700 1909 neutra
727 1878 835 1919 parte
862 1868 986 1907 hostis
1016 1868 1156 1907 obvius
1185 1868 1267 1906 fuit.
1325 1880 1448 1919 popu-

117 1936 210 1974 latio
237 1936 368 1986 itaque
395 1949 476 1973 non
503 1935 558 1973 illi
588 1947 708 1985 vagae
738 1933 886 1978 similis,
909 1946 1027 1983 quam
1056 1934 1227 1971 Volscus
1255 1932 1447 1971 latrocinii

117 2015 236 2046 more,
268 2001 486 2040 discordiae
516 2000 689 2039 hostium
720 2001 838 2038 fretus
870 2007 909 2037 et
937 1998 1120 2037 virtutem
1155 2005 1346 2046 metuens,
1376 2011 1447 2048 per

117 2065 420 2115 trepidationem
447 2065 589 2115 raptim
617 2065 772 2111 fecerat,
796 2064 866 2102 sed
887 2064 936 2101 ab
958 2062 1060 2101 iusto
1081 2062 1252 2102 exercitu
1271 2062 1373 2101 iusta
1391 2061 1447 2101 ira

77 2132 229 2183 7fucta,
261 2131 387 2180 spatio
425 2142 583 2180 quoque
613 2128 801 2178 temporis
829 2127 991 2179 gravior.
1050 2126 1196 2177 quippe
1224 2140 1248 2165 a
1279 2126 1444 2175 Volscis,
1465 2150 1498 2174 30

117 2193 355 2252 timentibus,
373 2207 422 2232 ne
443 2193 597 2231 interim
619 2192 809 2232 exercitus
829 2193 879 2230 ab
901 2194 1032 2230 Roma
1051 2191 1182 2237 exiret,
1203 2191 1458 2250 incursiones]

117 2258 155 2294 in
185 2266 356 2296 extrema
386 2259 520 2296 finium
551 2260 675 2296 factae
705 2266 839 2303 erant3
881 2259 1063 2294 Romano
1092 2266 1229 2294 contra
1257 2255 1373 2293 etiam
1405 2252 1451 2298 inf
