1586 2460
109 97 155 135 54
698 84 859 120 HVJ]

107 203 182 239 que
203 203 262 227 res
283 196 395 234 esset,
414 187 453 225 ni
475 187 620 225 tribuni
641 201 682 227 se
703 188 742 226 in
764 188 899 226 omnia
920 188 1032 225 simul
1054 189 1260 226 consulere
1281 189 1438 238 plebem

65 265 86 299 3
107 254 302 292 dixissent.
356 255 395 290 P.
423 251 595 290 Manlius
616 252 762 290 deinde
784 252 952 290 dictator
972 265 1052 289 rem
1074 251 1113 289 in
1135 264 1292 290 causam
1314 252 1440 302 plebis

107 319 317 364 inclinavit,
341 319 387 357 C.
410 317 572 363 Licinio,
596 318 662 367 qui
690 317 868 355 tribunus
897 316 1064 354 militum
1093 318 1227 366 suerat,
1257 317 1440 368 magistro

66 396 89 428 4
108 383 283 432 equitum
320 384 370 421 de
404 383 519 431 plebe
554 382 672 420 dicto.
732 382 772 420 id
804 395 918 430 aegre
948 389 1076 431 patres
1106 395 1242 432 passos
1271 382 1440 433 accipi0;

108 448 340 486 dictatorem
376 446 601 496 propinqua
640 446 877 496 cognatione
918 446 1059 484 Licinii
1093 460 1135 485 se
1172 448 1277 497 apud
1314 455 1472 498 patress

109 526 292 551 excusare
321 511 493 558 solitum,
523 510 639 549 simul
663 519 885 561 negantem,
915 511 1088 561 magistri
1115 512 1291 561 equitum
1317 511 1440 550 maius
1514 509 1517 511 ’

67 595 85 632 5
108 591 223 627 quam
245 577 388 616 tribuni
408 576 623 615 consularis
636 576 841 627 imperium
863 590 958 615 esse.
1010 576 1183 615 Licinius
1197 575 1440 627 Sextiusque,

108 656 197 680 cum
230 642 471 680 tribunorum
502 643 607 690 plebi
639 642 900 680 creandorum
931 641 1080 680 indicta
1108 640 1269 680 comitia
1297 649 1440 688 essent,

109 707 163 746 ita
184 721 223 745 se
247 721 391 757 gerere,
413 716 455 746 ut
477 707 671 757 negando,
690 707 768 745 iarn
790 707 863 745 sibi
879 708 978 746 velle
999 707 1220 746 continuari
1238 708 1440 753 honorem,

108 772 293 811 acerrime
323 773 586 811 accenderent
614 774 665 811 ad
696 772 748 816 id,
779 773 888 822 quod
922 772 1208 812 dissimulando
1242 773 1440 822 petebant,
1462 792 1495 809 ιο

67 840 277 889 oplebem.
337 851 487 877 nonum
527 852 567 877 se
607 851 756 877 annum
796 838 874 876 iarn
897 839 1019 877 'velut
1056 837 1096 876 in
1134 837 1218 877 acie
1256 838 1442 876 adversus

109 905 317 954 optimates
344 905 517 942 maximo
544 904 725 954 privatim
754 904 942 954 periculo,
971 905 1080 942 nullo
1110 903 1267 954 publice
1293 904 1441 943 emolu-

109 979 243 1009 mento
264 979 374 1009 stare.
433 970 690 1009 consenuisse
710 969 786 1008 iam
814 983 947 1008 secum
971 978 1008 1008 et
1029 970 1253 1020 rogationes
1273 970 1444 1019 promul-

69 1051 87 1085 7
107 1044 216 1086 gatas
237 1043 275 1074 et
296 1034 373 1073 vim
395 1048 556 1074 omnem
578 1034 809 1074 tribuniciae
837 1035 1052 1085 potestatis.
1111 1035 1239 1085 primo
1258 1034 1441 1074 interces-

108 1102 219 1140 sione
260 1103 495 1152 collegarum
539 1101 579 1139 in
626 1102 731 1151 leges
773 1114 863 1139 suas
902 1107 1121 1151 pugnatum
1160 1113 1256 1148 esse,
1297 1099 1443 1139 deinde
1465 1121 1493 1145 15
1532 1128 1535 1133 -

108 1167 356 1216 ablegatione
399 1167 611 1206 iuventutis
656 1168 706 1205 ad
745 1166 990 1205 Veliternum
1029 1166 1195 1212 bellum3
1243 1172 1444 1215 postremo

68 1232 358 1274 Sdictatorium
397 1234 546 1271 fulmen
580 1233 619 1270 in
660 1246 701 1271 se
740 1231 988 1271 intentatum.
1046 1233 1123 1270 iam
1162 1244 1237 1270 nec
1273 1232 1444 1281 collegas

109 1311 182 1336 nec
208 1298 354 1335 bellum
381 1311 455 1336 nec
475 1297 709 1336 dictatorem
737 1297 903 1343 obstare,
927 1296 1073 1346 quippe
1099 1295 1166 1345 qui
1186 1295 1303 1334 etiam
1324 1308 1443 1334 omen

110 1363 265 1411 plebeio
287 1362 439 1401 consuli
460 1363 644 1412 magistro
666 1362 842 1412 equitum
870 1376 915 1400 ex
942 1363 1059 1412 plebe
1080 1360 1251 1400 dicendo
1273 1361 1425 1400 dederit
1433 1375 1443 1408 3

69 1448 89 1481 9
110 1442 150 1467 se
172 1430 295 1479 ipsam
323 1430 483 1479 plebem
512 1436 549 1467 et
576 1430 791 1467 commoda
816 1428 958 1467 morari
985 1441 1064 1466 sua.
1123 1428 1285 1467 liberam
1306 1429 1441 1467 urbem
1463 1450 1496 1466 20

109 1508 155 1532 ac
175 1495 299 1532 forum
321 1507 343 1531 a
364 1493 633 1540 creditoribus,
656 1494 800 1532 liberos
827 1507 939 1543 agros
966 1495 1016 1531 ab
1037 1492 1190 1531 iniustis
1210 1492 1443 1543 possessori-

48 1574 89 1597 [ο
112 1560 182 1597 bus
203 1560 414 1609 extemplo,
437 1559 467 1597 si
487 1559 589 1607 velit,
611 1560 756 1598 habere
782 1572 937 1608 posses·
970 1571 1071 1607 quae
1099 1571 1262 1596 munera
1281 1558 1444 1608 quando

110 1626 269 1663 tandem
289 1625 381 1663 satis
401 1633 511 1675 grato
538 1624 670 1663 animo
698 1624 982 1670 aestimaturos,
1006 1624 1038 1662 si
1065 1623 1167 1662 inter
1191 1622 1444 1673 accipiendas

111 1691 160 1728 de
181 1689 257 1727 suis
284 1690 504 1728 commodis
530 1690 752 1740 rogationes
780 1703 891 1740 spem
918 1688 1079 1727 honoris
1099 1687 1289 1727 latoribus
1310 1701 1442 1726 earum

109 1755 307 1793 incidant?
363 1769 443 1794 non
466 1769 551 1794 esse
572 1755 791 1794 modestiae
812 1755 949 1805 populi
975 1753 1149 1793 Romani
1169 1753 1209 1792 id
1230 1754 1440 1804 postulare,
1468 1771 1494 1794 τε
1519 1744 1524 1750 .

111 1828 152 1858 ut
183 1821 266 1869 ipse
300 1822 433 1859 fenore
466 1822 616 1860 levetur
650 1829 688 1860 et
725 1821 766 1859 in
805 1834 940 1871 agrum
979 1819 1118 1858 iniuria
1155 1832 1382 1869 possessum
1421 1832 1444 1857 a

110 1884 335 1933 potentibus
375 1884 594 1932 inducatur,
628 1899 697 1935 per
735 1899 833 1935 quos
872 1898 919 1924 ea
957 1891 1192 1923 consecutus
1230 1883 1290 1930 sit,
1329 1896 1444 1922 senes

110 1949 337 1987 tribunicios
372 1963 452 1988 non
488 1950 570 1988 sine
610 1951 761 1989 honore
795 1957 959 1997 tantum,
996 1950 1064 1988 sed
1104 1946 1222 1988 etia'm
1256 1947 1340 1986 sine
1374 1961 1444 1998 spe

47 2026 87 2049 11
111 2014 269 2052 honoris
303 2014 507 2062 relinquat.
565 2015 731 2065 proinde
765 2015 838 2065 ipsi
877 2013 1046 2065 primum
1085 2020 1298 2052 statuerent
1336 2013 1443 2063 apud

111 2078 276 2123 animos,
298 2079 392 2126 quid
415 2081 571 2125 vellent,
594 2079 741 2119 deinde
768 2079 937 2118 comitiis
965 2077 1181 2118 tribuniciis
1201 2077 1445 2116 declararent
1462 2094 1497 2120 30

110 2142 360 2180 voluntatem.
420 2142 451 2180 si
489 2143 701 2182 coniuncte
738 2144 826 2182 ferri
864 2145 915 2183 ab
953 2157 995 2182 se
1033 2143 1298 2193 promulgatas
1337 2155 1445 2192 roga-

111 2205 416 2253 tionesffvellene
439 2220 535 2254 esse,
558 2208 667 2257 quod
693 2210 854 2247 eosdem
877 2209 1081 2247 reficerent
1100 2207 1278 2246 tribunos
1298 2206 1426 2257 plebis
1433 2221 1445 2256 3

47 2285 91 2309 12
113 2271 328 2319 perlaturos
362 2271 478 2319 enim,
515 2285 615 2322 quae
648 2273 1001 2322 promulgaverint3
1045 2271 1116 2321 sin,
1155 2272 1264 2321 quod
1300 2271 1444 2321 cuique
