<?xml version="1.0" encoding="UTF-8"?>
<!DOCTYPE html PUBLIC "-//W3C//DTD XHTML 1.0 Transitional//EN"
    "http://www.w3.org/TR/xhtml1/DTD/xhtml1-transitional.dtd">
<html xmlns="http://www.w3.org/1999/xhtml" xml:lang="en" lang="en">
 <head>
  <title>
</title>
<meta http-equiv="Content-Type" content="text/html;charset=utf-8" />
  <meta name='ocr-system' content='tesseract 3.04.00' />
  <meta name='ocr-capabilities' content='ocr_page ocr_carea ocr_par ocr_line ocrx_word'/>
</head>
<body>
  <div class='ocr_page' id='page_1' title='image "./bookvilivy00livyuoft/bookvilivy00livyuoft_0043.png"; bbox 0 0 1586 2460; ppageno 0'>
   <div class='ocr_carea' id='block_1_1' title="bbox 343 612 1156 804">
    <p class='ocr_par' dir='ltr' id='par_1_1' title="bbox 343 612 1156 804">
     <span class='ocr_line' id='line_1_1' title="bbox 475 612 1014 672; baseline -0.002 0"><span class='ocrx_word' id='word_1_1' title='bbox 475 612 687 672; x_wconf 90' lang='lat' dir='ltr'>TITI</span> <span class='ocrx_word' id='word_1_2' title='bbox 765 612 1014 671; x_wconf 86' lang='lat' dir='ltr'>LIVII</span> 
     </span>
     <span class='ocr_line' id='line_1_2' title="bbox 343 755 1156 804; baseline -0.001 0"><span class='ocrx_word' id='word_1_3' title='bbox 343 757 441 804; x_wconf 79' lang='lat' dir='ltr'><strong>AB</strong></span> <span class='ocrx_word' id='word_1_4' title='bbox 507 756 718 804; x_wconf 81' lang='lat' dir='ltr'>URBE</span> <span class='ocrx_word' id='word_1_5' title='bbox 783 755 1156 803; x_wconf 77' lang='lat' dir='ltr'><strong>CONDITA</strong></span> 
     </span>
    </p>
   </div>
   <div class='ocr_carea' id='block_1_2' title="bbox 596 900 905 942">
    <p class='ocr_par' dir='ltr' id='par_1_2' title="bbox 596 900 905 942">
     <span class='ocr_line' id='line_1_3' title="bbox 596 900 905 942; baseline 0.003 -1"><span class='ocrx_word' id='word_1_6' title='bbox 596 900 784 941; x_wconf 84' lang='lat' dir='ltr'>LIBER</span> <span class='ocrx_word' id='word_1_7' title='bbox 826 900 905 942; x_wconf 90' lang='lat' dir='ltr'><strong>VI.</strong></span> 
     </span>
    </p>
   </div>
   <div class='ocr_carea' id='block_1_3' title="bbox 88 1067 1452 1239">
    <p class='ocr_par' dir='ltr' id='par_1_3' title="bbox 88 1067 1452 1239">
     <span class='ocr_line' id='line_1_4' title="bbox 88 1067 1452 1124; baseline -0.003 -10"><span class='ocrx_word' id='word_1_8' title='bbox 88 1090 153 1114; x_wconf 84' lang='lat' dir='ltr'><strong>B.c.</strong></span> <span class='ocrx_word' id='word_1_9' title='bbox 176 1093 250 1124; x_wconf 81' lang='lat'>390.</span> <span class='ocrx_word' id='word_1_10' title='bbox 296 1082 396 1113; x_wconf 78' lang='lat' dir='ltr'><strong>Slzort</strong></span> <span class='ocrx_word' id='word_1_11' title='bbox 406 1082 530 1123; x_wconf 68' lang='lat' dir='ltr'><strong>preface</strong></span> <span class='ocrx_word' id='word_1_12' title='bbox 545 1082 581 1112; x_wconf 84' lang='lat' dir='ltr'><strong>in</strong></span> <span class='ocrx_word' id='word_1_13' title='bbox 598 1081 703 1112; x_wconf 70' lang='lat' dir='ltr'><strong>which</strong></span> <span class='ocrx_word' id='word_1_14' title='bbox 720 1082 804 1121; x_wconf 74' lang='lat' dir='ltr'><strong>Livy</strong></span> <span class='ocrx_word' id='word_1_15' title='bbox 818 1080 930 1121; x_wconf 67' lang='lat' dir='ltr'><strong>points</strong></span> <span class='ocrx_word' id='word_1_16' title='bbox 945 1084 1002 1111; x_wconf 86' lang='lat' dir='ltr'><strong>out</strong></span> <span class='ocrx_word' id='word_1_17' title='bbox 1020 1080 1092 1111; x_wconf 73' lang='lat' dir='ltr'><strong>that</strong></span> <span class='ocrx_word' id='word_1_18' title='bbox 1111 1080 1191 1111; x_wconf 70' lang='lat' dir='ltr'><strong>wilk</strong></span> <span class='ocrx_word' id='word_1_19' title='bbox 1207 1080 1259 1111; x_wconf 75' lang='lat' dir='ltr'><strong>tlte</strong></span> <span class='ocrx_word' id='word_1_20' title='bbox 1273 1078 1408 1111; x_wconf 73' lang='lat' dir='ltr'><strong>rebm&#39;ld-</strong></span> <span class='ocrx_word' id='word_1_21' title='bbox 1430 1067 1452 1110; x_wconf 86' lang='lat'>1</span> 
     </span>
     <span class='ocr_line' id='line_1_5' title="bbox 175 1132 1410 1176; baseline -0.003 -10"><span class='ocrx_word' id='word_1_22' title='bbox 175 1137 235 1175; x_wconf 76' lang='lat' dir='ltr'><strong>ing</strong></span> <span class='ocrx_word' id='word_1_23' title='bbox 253 1135 294 1176; x_wconf 85' lang='lat' dir='ltr'><strong>of</strong></span> <span class='ocrx_word' id='word_1_24' title='bbox 305 1136 358 1166; x_wconf 73' lang='lat' dir='ltr'><strong>tlte</strong></span> <span class='ocrx_word' id='word_1_25' title='bbox 377 1136 440 1176; x_wconf 82' lang='lat' dir='ltr'><em>city</em></span> <span class='ocrx_word' id='word_1_26' title='bbox 459 1135 511 1166; x_wconf 79' lang='lat' dir='ltr'><strong>tlte</strong></span> <span class='ocrx_word' id='word_1_27' title='bbox 528 1135 651 1166; x_wconf 76' lang='lat' dir='ltr'><strong>records</strong></span> <span class='ocrx_word' id='word_1_28' title='bbox 670 1135 785 1165; x_wconf 77' lang='lat' dir='ltr'><strong>become</strong></span> <span class='ocrx_word' id='word_1_29' title='bbox 805 1144 891 1165; x_wconf 82' lang='lat' dir='ltr'><strong>more</strong></span> <span class='ocrx_word' id='word_1_30' title='bbox 908 1134 1095 1164; x_wconf 74' lang='lat' dir='ltr'><strong>trustwortlz</strong></span> <span class='ocrx_word' id='word_1_31' title='bbox 1093 1144 1127 1173; x_wconf 89' lang='lat' dir='ltr'><strong>y.</strong></span> <span class='ocrx_word' id='word_1_32' title='bbox 1179 1134 1216 1172; x_wconf 83' lang='lat' dir='ltr'><strong>Q.</strong></span> <span class='ocrx_word' id='word_1_33' title='bbox 1241 1133 1362 1163; x_wconf 77' lang='lat' dir='ltr'><em>Fabius</em></span> <span class='ocrx_word' id='word_1_34' title='bbox 1383 1132 1410 1162; x_wconf 85' lang='lat' dir='ltr'><strong>is</strong></span> 
     </span>
     <span class='ocr_line' id='line_1_6' title="bbox 176 1187 1246 1239; baseline -0.002 -20"><span class='ocrx_word' id='word_1_35' title='bbox 176 1188 421 1239; x_wconf 69' lang='lat' dir='ltr'><strong>impe-achalsor</strong></span> <span class='ocrx_word' id='word_1_36' title='bbox 435 1199 455 1219; x_wconf 86' lang='lat' dir='ltr'><em>a</em></span> <span class='ocrx_word' id='word_1_37' title='bbox 471 1189 628 1219; x_wconf 72' lang='lat' dir='ltr'><strong>violatian</strong></span> <span class='ocrx_word' id='word_1_38' title='bbox 644 1188 742 1230; x_wconf 77' lang='lat' dir='ltr'><strong>oftlze</strong></span> <span class='ocrx_word' id='word_1_39' title='bbox 758 1189 807 1219; x_wconf 91' lang='lat' dir='ltr'><strong>ius</strong></span> <span class='ocrx_word' id='word_1_40' title='bbox 821 1187 966 1229; x_wconf 86' lang='lat' dir='ltr'><strong>gentium</strong></span> <span class='ocrx_word' id='word_1_41' title='bbox 985 1187 1040 1228; x_wconf 87' lang='lat' dir='ltr'><strong>(cf.</strong></span> <span class='ocrx_word' id='word_1_42' title='bbox 1057 1195 1092 1218; x_wconf 86' lang='lat' dir='ltr'><strong>v.</strong></span> <span class='ocrx_word' id='word_1_43' title='bbox 1111 1197 1127 1227; x_wconf 83' lang='lat'>3</span> <span class='ocrx_word' id='word_1_44' title='bbox 1133 1197 1160 1227; x_wconf 80' lang='lat'><strong>5,</strong></span> <span class='ocrx_word' id='word_1_45' title='bbox 1182 1187 1246 1227; x_wconf 81' lang='lat'><strong>36).</strong></span> 
     </span>
    </p>
   </div>
   <div class='ocr_carea' id='block_1_4' title="bbox 22 1275 1459 2288">
    <p class='ocr_par' dir='ltr' id='par_1_4' title="bbox 22 1275 1459 2288">
     <span class='ocr_line' id='line_1_7' title="bbox 171 1275 1409 1324; baseline -0.002 -10"><span class='ocrx_word' id='word_1_46' title='bbox 171 1277 296 1324; x_wconf 73' lang='lat' dir='ltr'><strong>QUAE</strong></span> <span class='ocrx_word' id='word_1_47' title='bbox 320 1277 370 1314; x_wconf 83' lang='lat' dir='ltr'><strong>ab</strong></span> <span class='ocrx_word' id='word_1_48' title='bbox 397 1276 556 1314; x_wconf 75' lang='lat' dir='ltr'><strong>condita</strong></span> <span class='ocrx_word' id='word_1_49' title='bbox 581 1276 676 1314; x_wconf 91' lang='lat' dir='ltr'><strong>urbe</strong></span> <span class='ocrx_word' id='word_1_50' title='bbox 698 1277 825 1313; x_wconf 80' lang='lat' dir='ltr'><strong>Roma</strong></span> <span class='ocrx_word' id='word_1_51' title='bbox 844 1277 894 1313; x_wconf 85' lang='lat' dir='ltr'><strong>ad</strong></span> <span class='ocrx_word' id='word_1_52' title='bbox 915 1282 1067 1323; x_wconf 80' lang='lat' dir='ltr'><strong>captam</strong></span> <span class='ocrx_word' id='word_1_53' title='bbox 1090 1275 1254 1313; x_wconf 84' lang='lat' dir='ltr'><strong>eandem</strong></span> <span class='ocrx_word' id='word_1_54' title='bbox 1275 1275 1409 1312; x_wconf 87' lang='lat' dir='ltr'><strong>urbem</strong></span> 
     </span>
     <span class='ocr_line' id='line_1_8' title="bbox 59 1338 1413 1390; baseline -0.005 -9"><span class='ocrx_word' id='word_1_55' title='bbox 59 1357 73 1381; x_wconf 86' lang='lat'>⁵</span> <span class='ocrx_word' id='word_1_56' title='bbox 92 1340 264 1379; x_wconf 85' lang='lat' dir='ltr'><strong>Romani</strong></span> <span class='ocrx_word' id='word_1_57' title='bbox 292 1341 365 1380; x_wconf 90' lang='lat' dir='ltr'><strong>sub</strong></span> <span class='ocrx_word' id='word_1_58' title='bbox 393 1340 548 1389; x_wconf 85' lang='lat' dir='ltr'><strong>regibus</strong></span> <span class='ocrx_word' id='word_1_59' title='bbox 577 1340 758 1390; x_wconf 72' lang='lat' dir='ltr'><strong>primuni,</strong></span> <span class='ocrx_word' id='word_1_60' title='bbox 789 1340 1014 1378; x_wconf 89' lang='lat' dir='ltr'><strong>consulibus</strong></span> <span class='ocrx_word' id='word_1_61' title='bbox 1043 1339 1186 1377; x_wconf 86' lang='lat' dir='ltr'><strong>deinde</strong></span> <span class='ocrx_word' id='word_1_62' title='bbox 1220 1351 1267 1376; x_wconf 88' lang='lat' dir='ltr'><strong>ac</strong></span> <span class='ocrx_word' id='word_1_63' title='bbox 1295 1338 1413 1375; x_wconf 81' lang='lat' dir='ltr'><strong>dicta-</strong></span> 
     </span>
     <span class='ocr_line' id='line_1_9' title="bbox 91 1399 1412 1452; baseline -0.004 -11"><span class='ocrx_word' id='word_1_64' title='bbox 91 1404 238 1442; x_wconf 86' lang='lat' dir='ltr'>toribus</span> <span class='ocrx_word' id='word_1_65' title='bbox 265 1403 573 1452; x_wconf 79' lang='lat' dir='ltr'><strong>decemvirisque</strong></span> <span class='ocrx_word' id='word_1_66' title='bbox 599 1416 644 1441; x_wconf 84' lang='lat' dir='ltr'><strong>ac</strong></span> <span class='ocrx_word' id='word_1_67' title='bbox 665 1402 828 1441; x_wconf 86' lang='lat' dir='ltr'><strong>tribunis</strong></span> <span class='ocrx_word' id='word_1_68' title='bbox 849 1401 1118 1440; x_wconf 81' lang='lat' dir='ltr'><strong>consularibus</strong></span> <span class='ocrx_word' id='word_1_69' title='bbox 1137 1413 1300 1451; x_wconf 81' lang='lat' dir='ltr'><strong>gessere,</strong></span> <span class='ocrx_word' id='word_1_70' title='bbox 1321 1399 1412 1438; x_wconf 87' lang='lat' dir='ltr'><strong>foris</strong></span> 
     </span>
     <span class='ocr_line' id='line_1_10' title="bbox 91 1466 1452 1517; baseline -0.005 -9"><span class='ocrx_word' id='word_1_71' title='bbox 91 1470 206 1515; x_wconf 89' lang='lat' dir='ltr'><strong>bella,</strong></span> <span class='ocrx_word' id='word_1_72' title='bbox 245 1468 353 1507; x_wconf 88' lang='lat' dir='ltr'><strong>domi</strong></span> <span class='ocrx_word' id='word_1_73' title='bbox 401 1468 622 1514; x_wconf 83' lang='lat' dir='ltr'><strong>seditiones,</strong></span> <span class='ocrx_word' id='word_1_74' title='bbox 663 1467 834 1517; x_wconf 90' lang='lat' dir='ltr'><strong>quinque</strong></span> <span class='ocrx_word' id='word_1_75' title='bbox 873 1466 978 1505; x_wconf 77' lang='lat' dir='ltr'><strong>libris</strong></span> <span class='ocrx_word' id='word_1_76' title='bbox 1016 1466 1188 1516; x_wconf 83' lang='lat' dir='ltr'><strong>exposui,</strong></span> <span class='ocrx_word' id='word_1_77' title='bbox 1227 1478 1286 1504; x_wconf 88' lang='lat' dir='ltr'><strong>res</strong></span> <span class='ocrx_word' id='word_1_78' title='bbox 1323 1477 1452 1502; x_wconf 86' lang='lat' dir='ltr'><strong>cum2</strong></span> 
     </span>
     <span class='ocr_line' id='line_1_11' title="bbox 90 1531 1413 1582; baseline -0.002 -11"><span class='ocrx_word' id='word_1_79' title='bbox 90 1541 283 1572; x_wconf 77' lang='lat' dir='ltr'><strong>vetustate</strong></span> <span class='ocrx_word' id='word_1_80' title='bbox 314 1532 434 1571; x_wconf 81' lang='lat' dir='ltr'><strong>nimia</strong></span> <span class='ocrx_word' id='word_1_81' title='bbox 467 1534 662 1579; x_wconf 83' lang='lat' dir='ltr'><strong>obscuras,</strong></span> <span class='ocrx_word' id='word_1_82' title='bbox 693 1534 798 1571; x_wconf 89' lang='lat' dir='ltr'><strong>velut</strong></span> <span class='ocrx_word' id='word_1_83' title='bbox 832 1546 931 1582; x_wconf 82' lang='lat' dir='ltr'><strong>quae</strong></span> <span class='ocrx_word' id='word_1_84' title='bbox 960 1544 1102 1581; x_wconf 82' lang='lat' dir='ltr'><strong>magno</strong></span> <span class='ocrx_word' id='word_1_85' title='bbox 1136 1544 1184 1569; x_wconf 82' lang='lat' dir='ltr'><strong>ex</strong></span> <span class='ocrx_word' id='word_1_86' title='bbox 1211 1531 1413 1569; x_wconf 86' lang='lat' dir='ltr'><strong>intervallo</strong></span> 
     </span>
     <span class='ocr_line' id='line_1_12' title="bbox 92 1595 1412 1646; baseline -0.003 -11"><span class='ocrx_word' id='word_1_87' title='bbox 92 1598 168 1636; x_wconf 91' lang='lat' dir='ltr'><strong>loci</strong></span> <span class='ocrx_word' id='word_1_88' title='bbox 204 1597 269 1635; x_wconf 85' lang='lat' dir='ltr'><strong>vix</strong></span> <span class='ocrx_word' id='word_1_89' title='bbox 300 1606 521 1643; x_wconf 85' lang='lat' dir='ltr'><strong>cernuntur,</strong></span> <span class='ocrx_word' id='word_1_90' title='bbox 552 1605 636 1634; x_wconf 86' lang='lat' dir='ltr'><strong>tum</strong></span> <span class='ocrx_word' id='word_1_91' title='bbox 670 1598 779 1646; x_wconf 87' lang='lat' dir='ltr'><strong>quod</strong></span> <span class='ocrx_word' id='word_1_92' title='bbox 808 1610 947 1646; x_wconf 81' lang='lat' dir='ltr'><strong>parvae</strong></span> <span class='ocrx_word' id='word_1_93' title='bbox 977 1603 1014 1634; x_wconf 90' lang='lat' dir='ltr'><strong>et</strong></span> <span class='ocrx_word' id='word_1_94' title='bbox 1043 1609 1149 1634; x_wconf 81' lang='lat' dir='ltr'><strong>rarae</strong></span> <span class='ocrx_word' id='word_1_95' title='bbox 1178 1608 1248 1645; x_wconf 88' lang='lat' dir='ltr'><strong>per</strong></span> <span class='ocrx_word' id='word_1_96' title='bbox 1275 1595 1412 1633; x_wconf 85' lang='lat' dir='ltr'><strong>eadem</strong></span> 
     </span>
     <span class='ocr_line' id='line_1_13' title="bbox 22 1659 1412 1712; baseline -0.002 -12"><span class='ocrx_word' id='word_1_97' title='bbox 22 1683 76 1700; x_wconf 80' lang='grc' dir='ltr'><strong>,ιο</strong></span> <span class='ocrx_word' id='word_1_98' title='bbox 92 1670 269 1712; x_wconf 84' lang='lat' dir='ltr'><strong>tempora</strong></span> <span class='ocrx_word' id='word_1_99' title='bbox 296 1661 444 1700; x_wconf 82' lang='lat' dir='ltr'><strong>litterae</strong></span> <span class='ocrx_word' id='word_1_100' title='bbox 473 1662 590 1707; x_wconf 76' lang='lat' dir='ltr'><strong>fuere,</strong></span> <span class='ocrx_word' id='word_1_101' title='bbox 613 1674 691 1698; x_wconf 82' lang='lat' dir='ltr'><strong>una</strong></span> <span class='ocrx_word' id='word_1_102' title='bbox 717 1661 896 1699; x_wconf 84' lang='lat' dir='ltr'><strong>custodia</strong></span> <span class='ocrx_word' id='word_1_103' title='bbox 915 1661 1039 1698; x_wconf 91' lang='lat' dir='ltr'><strong>fidelis</strong></span> <span class='ocrx_word' id='word_1_104' title='bbox 1059 1659 1268 1698; x_wconf 81' lang='lat' dir='ltr'><strong>memoriae</strong></span> <span class='ocrx_word' id='word_1_105' title='bbox 1286 1672 1412 1698; x_wconf 84' lang='lat' dir='ltr'><strong>rerum</strong></span> 
     </span>
     <span class='ocr_line' id='line_1_14' title="bbox 91 1723 1414 1776; baseline -0.004 -12"><span class='ocrx_word' id='word_1_106' title='bbox 91 1734 299 1776; x_wconf 83' lang='lat' dir='ltr'><strong>gestarum,</strong></span> <span class='ocrx_word' id='word_1_107' title='bbox 321 1734 359 1764; x_wconf 89' lang='lat' dir='ltr'><strong>et</strong></span> <span class='ocrx_word' id='word_1_108' title='bbox 379 1727 498 1775; x_wconf 85' lang='lat' dir='ltr'><strong>quod,</strong></span> <span class='ocrx_word' id='word_1_109' title='bbox 521 1724 670 1763; x_wconf 86' lang='lat' dir='ltr'><strong>etiamsi</strong></span> <span class='ocrx_word' id='word_1_110' title='bbox 691 1737 792 1774; x_wconf 87' lang='lat' dir='ltr'><strong>quae</strong></span> <span class='ocrx_word' id='word_1_111' title='bbox 812 1725 852 1762; x_wconf 90' lang='lat' dir='ltr'><strong>in</strong></span> <span class='ocrx_word' id='word_1_112' title='bbox 877 1724 1164 1763; x_wconf 83' lang='lat' dir='ltr'><strong>commentariis</strong></span> <span class='ocrx_word' id='word_1_113' title='bbox 1185 1723 1414 1772; x_wconf 87' lang='lat' dir='ltr'><strong>pontificum</strong></span> 
     </span>
     <span class='ocr_line' id='line_1_15' title="bbox 93 1786 1415 1840; baseline -0.003 -11"><span class='ocrx_word' id='word_1_114' title='bbox 93 1790 257 1840; x_wconf 87' lang='lat' dir='ltr'><strong>aliisque</strong></span> <span class='ocrx_word' id='word_1_115' title='bbox 276 1790 442 1840; x_wconf 85' lang='lat' dir='ltr'><strong>publicis</strong></span> <span class='ocrx_word' id='word_1_116' title='bbox 463 1790 698 1840; x_wconf 86' lang='lat' dir='ltr'><strong>privatisque</strong></span> <span class='ocrx_word' id='word_1_117' title='bbox 718 1797 826 1828; x_wconf 85' lang='lat' dir='ltr'><strong>erant</strong></span> <span class='ocrx_word' id='word_1_118' title='bbox 846 1790 1121 1833; x_wconf 83' lang='lat' dir='ltr'><strong>monumentis,</strong></span> <span class='ocrx_word' id='word_1_119' title='bbox 1143 1788 1304 1826; x_wconf 85' lang='lat' dir='ltr'><strong>incensa</strong></span> <span class='ocrx_word' id='word_1_120' title='bbox 1322 1786 1415 1825; x_wconf 84' lang='lat' dir='ltr'><strong>urbe</strong></span> 
     </span>
     <span class='ocr_line' id='line_1_16' title="bbox 94 1852 1456 1906; baseline -0.004 -12"><span class='ocrx_word' id='word_1_121' title='bbox 94 1857 303 1906; x_wconf 88' lang='lat' dir='ltr'><strong>pleraeque</strong></span> <span class='ocrx_word' id='word_1_122' title='bbox 340 1855 528 1894; x_wconf 86' lang='lat' dir='ltr'><strong>interiere.</strong></span> <span class='ocrx_word' id='word_1_123' title='bbox 586 1854 746 1893; x_wconf 85' lang='lat' dir='ltr'><strong>clariora</strong></span> <span class='ocrx_word' id='word_1_124' title='bbox 783 1853 969 1904; x_wconf 88' lang='lat' dir='ltr'><strong>deinceps</strong></span> <span class='ocrx_word' id='word_1_125' title='bbox 1008 1852 1247 1902; x_wconf 80' lang='lat' dir='ltr'><strong>certioraque</strong></span> <span class='ocrx_word' id='word_1_126' title='bbox 1279 1852 1330 1890; x_wconf 88' lang='lat' dir='ltr'><strong>ab</strong></span> <span class='ocrx_word' id='word_1_127' title='bbox 1362 1863 1417 1889; x_wconf 90' lang='lat' dir='ltr'><strong>se·</strong></span> <span class='ocrx_word' id='word_1_128' title='bbox 1435 1863 1456 1897; x_wconf 86' lang='lat'>3</span> 
     </span>
     <span class='ocr_line' id='line_1_17' title="bbox 95 1917 1416 1969; baseline -0.005 -11"><span class='ocrx_word' id='word_1_129' title='bbox 95 1919 227 1958; x_wconf 85' lang='lat' dir='ltr'><strong>cunda</strong></span> <span class='ocrx_word' id='word_1_130' title='bbox 251 1919 399 1969; x_wconf 87' lang='lat' dir='ltr'><strong>origine</strong></span> <span class='ocrx_word' id='word_1_131' title='bbox 425 1921 530 1958; x_wconf 86' lang='lat' dir='ltr'><strong>velut</strong></span> <span class='ocrx_word' id='word_1_132' title='bbox 556 1920 605 1957; x_wconf 79' lang='lat' dir='ltr'><strong>ab</strong></span> <span class='ocrx_word' id='word_1_133' title='bbox 632 1918 812 1969; x_wconf 86' lang='lat' dir='ltr'><strong>stirpibus</strong></span> <span class='ocrx_word' id='word_1_134' title='bbox 838 1917 975 1956; x_wconf 84' lang='lat' dir='ltr'><strong>laetius</strong></span> <span class='ocrx_word' id='word_1_135' title='bbox 1001 1917 1242 1965; x_wconf 84' lang='lat' dir='ltr'><strong>feraciusque</strong></span> <span class='ocrx_word' id='word_1_136' title='bbox 1261 1922 1416 1954; x_wconf 79' lang='lat' dir='ltr'><strong>renatae</strong></span> 
     </span>
     <span class='ocr_line' id='line_1_18' title="bbox 48 1979 1459 2033; baseline -0.003 -11"><span class='ocrx_word' id='word_1_137' title='bbox 48 2005 79 2028; x_wconf 81' lang='lat'><strong>15</strong></span> <span class='ocrx_word' id='word_1_138' title='bbox 95 1982 201 2022; x_wconf 89' lang='lat' dir='ltr'><strong>urbis</strong></span> <span class='ocrx_word' id='word_1_139' title='bbox 225 1990 336 2033; x_wconf 87' lang='lat' dir='ltr'><strong>gesta</strong></span> <span class='ocrx_word' id='word_1_140' title='bbox 360 1983 470 2022; x_wconf 87' lang='lat' dir='ltr'><strong>domi</strong></span> <span class='ocrx_word' id='word_1_141' title='bbox 496 1983 734 2032; x_wconf 82' lang='lat' dir='ltr'><strong>militiaeque</strong></span> <span class='ocrx_word' id='word_1_142' title='bbox 767 1989 1019 2032; x_wconf 87' lang='lat' dir='ltr'><strong>exponentur.</strong></span> <span class='ocrx_word' id='word_1_143' title='bbox 1078 1988 1249 2019; x_wconf 88' lang='lat' dir='ltr'><strong>ceterum</strong></span> <span class='ocrx_word' id='word_1_144' title='bbox 1278 1979 1414 2029; x_wconf 88' lang='lat' dir='ltr'><strong>primo,</strong></span> <span class='ocrx_word' id='word_1_145' title='bbox 1435 1992 1459 2025; x_wconf 91' lang='lat'><strong>4</strong></span> 
     </span>
     <span class='ocr_line' id='line_1_19' title="bbox 95 2042 1418 2098; baseline -0.004 -11"><span class='ocrx_word' id='word_1_146' title='bbox 95 2061 176 2098; x_wconf 90' lang='lat' dir='ltr'><strong>quo</strong></span> <span class='ocrx_word' id='word_1_147' title='bbox 222 2048 462 2086; x_wconf 86' lang='lat' dir='ltr'><strong>adminiculo</strong></span> <span class='ocrx_word' id='word_1_148' title='bbox 510 2055 637 2086; x_wconf 78' lang='lat' dir='ltr'><strong>erecta</strong></span> <span class='ocrx_word' id='word_1_149' title='bbox 684 2055 777 2092; x_wconf 84' lang='lat' dir='ltr'><strong>erat,</strong></span> <span class='ocrx_word' id='word_1_150' title='bbox 823 2047 964 2085; x_wconf 86' lang='lat' dir='ltr'><strong>eodem</strong></span> <span class='ocrx_word' id='word_1_151' title='bbox 1011 2045 1154 2091; x_wconf 81' lang='lat' dir='ltr'><strong>innixa,</strong></span> <span class='ocrx_word' id='word_1_152' title='bbox 1197 2045 1252 2082; x_wconf 91' lang='lat' dir='ltr'><strong>M.</strong></span> <span class='ocrx_word' id='word_1_153' title='bbox 1302 2042 1418 2082; x_wconf 89' lang='lat' dir='ltr'><strong>Furio</strong></span> 
     </span>
     <span class='ocr_line' id='line_1_20' title="bbox 95 2108 1419 2163; baseline -0.005 -12"><span class='ocrx_word' id='word_1_154' title='bbox 95 2112 282 2162; x_wconf 85' lang='lat' dir='ltr'><strong>principe,</strong></span> <span class='ocrx_word' id='word_1_155' title='bbox 304 2112 422 2163; x_wconf 67' lang='lat' dir='ltr'><strong>stetit,</strong></span> <span class='ocrx_word' id='word_1_156' title='bbox 443 2125 571 2162; x_wconf 89' lang='lat' dir='ltr'><strong>neque</strong></span> <span class='ocrx_word' id='word_1_157' title='bbox 598 2125 687 2150; x_wconf 90' lang='lat' dir='ltr'><strong>eum</strong></span> <span class='ocrx_word' id='word_1_158' title='bbox 713 2111 895 2150; x_wconf 77' lang='lat' dir='ltr'><strong>abdicare</strong></span> <span class='ocrx_word' id='word_1_159' title='bbox 925 2123 967 2149; x_wconf 89' lang='lat' dir='ltr'><strong>se</strong></span> <span class='ocrx_word' id='word_1_160' title='bbox 995 2110 1186 2148; x_wconf 78' lang='lat' dir='ltr'><strong>dictatura</strong></span> <span class='ocrx_word' id='word_1_161' title='bbox 1213 2108 1284 2146; x_wconf 89' lang='lat' dir='ltr'><strong>nisi</strong></span> <span class='ocrx_word' id='word_1_162' title='bbox 1314 2119 1419 2146; x_wconf 88' lang='lat' dir='ltr'><strong>anno</strong></span> 
     </span>
     <span class='ocr_line' id='line_1_21' title="bbox 95 2173 1458 2225; baseline -0.003 -13"><span class='ocrx_word' id='word_1_163' title='bbox 95 2175 333 2214; x_wconf 83' lang='lat' dir='ltr'><strong>circumacto</strong></span> <span class='ocrx_word' id='word_1_164' title='bbox 370 2176 473 2225; x_wconf 84' lang='lat' dir='ltr'><strong>passi</strong></span> <span class='ocrx_word' id='word_1_165' title='bbox 511 2183 613 2214; x_wconf 88' lang='lat' dir='ltr'><strong>sunt.</strong></span> <span class='ocrx_word' id='word_1_166' title='bbox 670 2175 831 2213; x_wconf 83' lang='lat' dir='ltr'><strong>comitia</strong></span> <span class='ocrx_word' id='word_1_167' title='bbox 868 2175 906 2212; x_wconf 92' lang='lat' dir='ltr'><strong>in</strong></span> <span class='ocrx_word' id='word_1_168' title='bbox 955 2173 1226 2222; x_wconf 84' lang='lat' dir='ltr'><strong>insequentem</strong></span> <span class='ocrx_word' id='word_1_169' title='bbox 1273 2184 1418 2210; x_wconf 89' lang='lat' dir='ltr'><strong>annum</strong></span> <span class='ocrx_word' id='word_1_170' title='bbox 1440 2182 1458 2219; x_wconf 90' lang='lat'><strong>5</strong></span> 
     </span>
     <span class='ocr_line' id='line_1_22' title="bbox 97 2235 1416 2288; baseline -0.003 -13"><span class='ocrx_word' id='word_1_171' title='bbox 97 2239 274 2277; x_wconf 86' lang='lat' dir='ltr'><strong>tribunos</strong></span> <span class='ocrx_word' id='word_1_172' title='bbox 311 2239 466 2283; x_wconf 86' lang='lat' dir='ltr'><strong>habere,</strong></span> <span class='ocrx_word' id='word_1_173' title='bbox 497 2251 665 2288; x_wconf 87' lang='lat' dir='ltr'><strong>quorum</strong></span> <span class='ocrx_word' id='word_1_174' title='bbox 703 2238 741 2274; x_wconf 88' lang='lat' dir='ltr'><strong>in</strong></span> <span class='ocrx_word' id='word_1_175' title='bbox 771 2237 995 2286; x_wconf 81' lang='lat' dir='ltr'><strong>magistratu</strong></span> <span class='ocrx_word' id='word_1_176' title='bbox 1029 2244 1145 2285; x_wconf 88' lang='lat' dir='ltr'><strong>capta</strong></span> <span class='ocrx_word' id='word_1_177' title='bbox 1177 2235 1268 2272; x_wconf 91' lang='lat' dir='ltr'><strong>urbs</strong></span> <span class='ocrx_word' id='word_1_178' title='bbox 1305 2241 1416 2279; x_wconf 90' lang='lat' dir='ltr'><strong>esset,</strong></span> 
     </span>
    </p>
   </div>
   <div class='ocr_carea' id='block_1_5' title="bbox 1156 2326 1306 2356">
    <p class='ocr_par' dir='ltr' id='par_1_5' title="bbox 1156 2326 1306 2356">
     <span class='ocr_line' id='line_1_23' title="bbox 1156 2326 1306 2356; baseline -0.007 -6"><span class='ocrx_word' id='word_1_179' title='bbox 1156 2354 1159 2356; x_wconf 55' lang='grc'>,</span> <span class='ocrx_word' id='word_1_180' title='bbox 1211 2326 1306 2350; x_wconf 88' lang='lat'><strong>1—2</strong></span> 
     </span>
    </p>
   </div>
  </div>
 </body>
</html>
