1586 2460
65 783 96 800 10

67 1103 97 1128 ιε

69 1431 102 1449 20

75 1752 105 1776 ²⁵

623 81 806 116 LIBER
857 82 917 117 lfs.
1404 98 1426 132 9

108 181 282 220 dicerent
303 182 476 228 militare,
499 183 565 220 ubi
592 184 744 221 vellent.
804 183 998 222 desierant
1025 186 1099 222 izim
1129 187 1205 223 ulla
1231 185 1471 224 contemnis)

109 246 219 284 bella.
280 246 410 296 itaque
439 255 596 286 senatus
624 248 683 287 dis
713 260 825 297 agere
854 249 1006 298 gratias,
1036 252 1142 298 quod
1173 250 1360 290 Camillus
1392 250 1429 287 in

109 309 332 360 magistratu
358 320 481 349 esset:
508 310 737 351 dictatorem
767 313 915 362 quippe
944 313 1155 352 dicendum
1186 327 1274 353 eum
1303 315 1432 362 fuisse,

108 373 140 412 si
160 374 331 424 privatus
352 384 474 424 esset,
505 384 543 414 et
564 377 736 426 collegae
762 376 884 424 fateri,
905 377 1076 427 regimen
1098 378 1271 416 omnium
1291 392 1429 425 rerum,

109 438 177 477 ubi
206 438 301 489 quid
330 439 461 478 bellici
492 441 645 479 terroris
675 441 838 490 ingruat,
870 442 909 480 in
937 442 1018 481 viro
1047 455 1126 480 uno
1155 456 1251 489 csse,
1282 442 1470 493 sibique7

115 503 352 542 destinatum
388 502 427 539 in
456 505 588 543 animo
617 519 701 544 esse
736 508 902 545 Camillo
936 507 1174 545 summittere
1208 506 1423 556 imperium,

110 579 185 606 nec
212 566 423 617 quicquam
450 567 504 605 de
532 566 735 605 maiestate
773 579 844 604 sua
872 567 1087 605 detractum
1126 568 1294 614 credere,
1326 567 1431 616 quod

111 631 305 670 maiestati
342 631 426 671 eius
464 631 531 669 viri
571 630 864 670 concessissent.
940 632 1171 669 collaudatis
1208 632 1259 669 ab
1297 639 1432 669 senatu

113 695 277 735 tribunis
315 703 354 735 et
391 696 474 746 ipse
513 696 712 742 Camillus,
753 695 939 733 confusus
976 694 1120 740 animo,
1160 694 1300 743 gratias
1345 694 1431 743 egit.

113 761 250 811 ingens
277 761 370 799 inde
396 759 448 798 ait
475 773 574 798 onus
600 773 623 798 a
648 761 797 810 populo
826 761 1008 798 Romano
1036 760 1120 805 sibi,
1142 759 1208 808 qui
1235 772 1276 798 se
1296 757 1432 811 [dicta-
1454 765 1476 799 8

113 822 256 878 torem]
277 823 355 864 iam
381 832 560 874 quartum
587 831 767 870 creasset,
797 837 981 874 magnum
1007 837 1031 862 a
1057 832 1192 861 senatu
1219 823 1358 861 talibus
1385 823 1435 860 de

114 903 155 929 se
175 889 328 929 iudiciis
354 889 438 928 eius
458 889 615 936 ordinis,
639 888 850 927 maximum
878 896 957 926 tam
983 889 1175 926 honorato
1202 889 1434 938 collegarum

115 955 308 1006 obsequio
346 954 505 1006 iniungi.
582 954 713 1004 itaque
757 954 788 992 si
827 953 921 1004 quid
961 953 1103 992 laboris
1141 952 1479 1002 vigiliarumque9

115 1019 233 1060 adiici
260 1019 396 1071 possit,
425 1027 637 1059 certantem
668 1032 800 1058 secum
830 1019 959 1068 ipsum
988 1017 1226 1063 annisurum,
1255 1024 1296 1054 ut
1326 1023 1437 1054 tanto

115 1086 166 1124 de
187 1097 229 1124 se
248 1097 444 1124 consensu
471 1084 636 1124 civitatis
663 1084 903 1134 opinionem,
925 1095 1027 1133 quae
1052 1082 1220 1120 maxima
1240 1080 1300 1128 sit,
1321 1081 1438 1119 etiam

116 1158 366 1190 constantem
395 1149 545 1189 efficiat.
605 1149 713 1199 quod
743 1149 793 1187 ad
823 1149 967 1197 bellum
1001 1154 1118 1196 atquc
1148 1145 1326 1184 Antiates
1356 1144 1439 1183 atti·
1462 1157 1507 1180 10

117 1222 220 1263 neat,
251 1217 340 1265 plus
355 1214 422 1254 -ibi
453 1214 643 1252 minarum
675 1226 793 1263 quam
823 1211 983 1262 periculi
1012 1225 1096 1250 esse
1105 1227 1115 1259 3
1153 1223 1194 1249 se
1224 1218 1366 1256 tamen,
1398 1216 1439 1246 ut

118 1280 215 1319 nihil
254 1280 430 1327 timendi,
460 1280 515 1319 sic
544 1279 639 1317 nihil
674 1277 954 1317 contemnendi
988 1283 1186 1314 auctorem
1221 1287 1315 1314 esse.
1374 1273 1440 1311 cir·
1464 1287 1503 1311 11

118 1344 337 1384 cumsederi
357 1345 492 1383 urbem
514 1345 738 1381 Romanam
765 1343 814 1380 ab
835 1341 979 1380 invidia
999 1348 1038 1384 et
1058 1340 1150 1378 odio
1171 1338 1418 1377 finitimorum
1429 1352 1441 1386 3

118 1409 251 1460 itaque
280 1417 318 1448 et
349 1408 517 1447 ducibus
550 1407 724 1457 pluribus
753 1414 792 1444 et
830 1404 1060 1444 exercitibus
1094 1402 1439 1441 administrandam

119 1486 201 1513 rem
247 1473 445 1523 publicam
491 1484 586 1510 esse.
665 1473 738 1509 “te
753 1470 774 1487 ''
812 1469 949 1518 inquit,
988 1470 1062 1507 “L.
1103 1467 1245 1512 Valeri,
1291 1465 1439 1504 socium
1466 1479 1507 1502 12

120 1537 272 1588 imperii
318 1536 549 1586 consiliique
597 1535 768 1588 legiones
816 1546 970 1572 mecum
1018 1532 1201 1569 adversus
1245 1528 1442 1568 Antiatem

121 1606 277 1643 hostem
312 1604 456 1641 ducere
491 1603 637 1651 placet,
681 1608 728 1646 te,
765 1600 812 1648 Q.
850 1597 995 1644 Servili,
1031 1599 1151 1635 altero
1185 1594 1354 1634 exercitu
1385 1593 1442 1632 in·
1467 1608 1510 1644 13

122 1675 271 1708 structo
301 1675 517 1717 paratoque
547 1666 598 1703 ad
630 1665 765 1702 urbem
796 1655 920 1700 castra
948 1662 1103 1708 habere,
1131 1660 1338 1705 intentum,
1365 1657 1443 1696 sive

126 1732 277 1772 Etruria
306 1745 346 1770 se
376 1730 541 1777 interim,
572 1736 615 1767 ut
644 1740 777 1777 nuper,
810 1726 891 1766 sive
920 1738 1023 1763 nova
1056 1726 1152 1763 haec
1185 1736 1287 1769 cura,
1317 1721 1445 1760 Latini

84 1837 88 1842 ,
123 1804 241 1847 atque
264 1794 430 1835 Hernici
449 1793 641 1833 moverint
649 1806 660 1841 3
689 1804 760 1841 pro
780 1797 885 1828 certo
907 1790 1048 1836 habeo,
1065 1788 1117 1826 ita
1137 1801 1216 1826 rem
1236 1794 1443 1837 gesturum,

125 1869 168 1901 ut
201 1868 322 1912 patre,
353 1872 427 1898 avo
456 1866 573 1908 teque
603 1857 690 1907 ipso
719 1869 765 1894 ac
799 1868 864 1893 sex
895 1852 1152 1892 tribunatibus
1186 1853 1346 1901 dignum
1375 1857 1443 1888 est.

127 1926 262 1966 tertius
292 1923 481 1964 exercitus
514 1936 563 1961 ex
591 1920 773 1960 causariis
801 1917 1096 1967 senioribusque
1133 1930 1156 1955 a
1186 1918 1227 1954 L.
1261 1913 1446 1964 Quinctio
1470 1926 1514 1959 14

127 1991 328 2037 scribatur,
350 1988 416 2039 qui
443 1987 528 2026 urbi
550 1985 835 2034 moenibusque
860 1982 1056 2033 praesidio
1076 1980 1134 2019 sit.
1194 1982 1234 2017 L.
1260 1977 1447 2017 Horatius

78 2074 112 2098 30
127 2067 247 2102 arma,
271 2054 360 2101 tela,
385 2053 634 2096 frumentum,
657 2059 837 2098 quaeque
863 2046 938 2085 alia
964 2044 1055 2084 belli
1077 2052 1253 2092 tempora
1273 2045 1447 2090 poscent,

128 2118 340 2170 provideat.
390 2124 440 2163 te,
461 2117 540 2155 Ser.
559 2113 727 2160 Corneli,
749 2110 968 2162 praesidem
989 2108 1100 2147 huius
1121 2105 1266 2157 publici
1286 2101 1447 2149 consilii,
1472 2113 1514 2152 15

130 2183 337 2222 custodem
377 2179 618 2230 religionum,
648 2177 905 2224 comitiorum,
937 2177 1080 2224 legum,
1109 2183 1234 2210 rerum
1274 2167 1448 2207 omnium

134 2248 380 2293 urbanarum,
407 2246 581 2293 collegae
604 2241 800 2280 facimus?
857 2239 1008 2279 cunctis
1033 2238 1073 2276 in
1102 2246 1249 2287 partem
1283 2231 1450 2270 muneris
1474 2232 1518 2268 16
