1586 2460
616 56 802 93 LIBER
851 58 912 93 17.
1383 73 1422 96 11

102 161 140 193 et
162 153 309 204 Aequis
329 162 367 192 et
395 166 443 192 ex
473 154 624 192 Etruria
651 155 793 204 egistis.
852 171 901 194 an
931 171 1003 203 me,
1027 160 1134 208 quod
1162 173 1240 198 non
1262 161 1426 200 dictator
1447 167 1466 205 5

103 217 225 266 vobis,
254 219 324 257 sed
359 217 536 257 tribunus
570 220 723 270 signum
758 222 862 268 dedi,
896 236 974 260 non
1013 224 1222 272 agnoscitis
1259 226 1428 263 ducem?

101 296 231 333 neque
259 296 333 333 ego
363 283 532 323 maxima
561 285 723 335 imperia
752 286 791 324 in
822 299 889 325 vos
919 288 1110 335 desidero,
1139 297 1176 327 et
1206 303 1275 328 vos
1298 289 1337 327 in
1364 304 1427 329 me

101 347 198 387 nihil
217 356 370 399 praeter
390 361 454 388 me
480 348 607 398 ipsum
631 349 771 389 intueri
793 352 926 398 decet3
957 365 1084 402 neque
1111 353 1213 391 enim
1236 354 1426 393 dictatura

68 431 84 457 ⁵
101 413 197 453 mihi
224 427 400 464 unquam
426 414 578 453 animos
605 415 708 461 fecit,
731 423 771 454 ut
799 429 848 454 ne
875 416 1051 455 exsilium
1079 418 1239 467 quidem
1266 419 1423 457 ademit.

100 477 221 517 iidem
254 477 370 528 igitur
402 491 540 517 omnes
575 492 719 525 sumus,
751 488 788 518 et
818 493 908 518 cum
938 482 1077 520 eadem
1112 483 1244 520 omnia
1277 483 1316 520 in
1350 484 1425 522 hoc
1445 487 1466 522 6

101 544 247 582 bellum
276 544 493 591 afferamus,
523 557 623 594 quae
650 544 689 582 in
717 545 846 595 priora
874 546 1087 590 attulimus,
1116 548 1282 585 eundem
1314 561 1426 586 even-

100 615 184 646 tum
210 607 304 647 belli
338 617 618 658 exspectemus
679 609 794 648 simul
827 611 1107 657 concusseritis,
1129 613 1236 660 quod
1263 611 1426 662 quisque

101 672 238 711 didicit
258 686 304 711 ac
324 673 539 720 consuevit,
563 674 697 712 faciet:
728 687 795 712 vos
817 675 992 720 vincetis,
1014 674 1067 712 illi
1088 675 1272 725 fugient.’'

55 826 85 843 10
100 814 158 844 An
173 817 377 853 engagement
380 812 510 854 fhllows
527 813 563 844 in
580 814 685 844 which
711 813 874 845 Camillus
894 814 978 844 wius
998 824 1017 843 a
1039 814 1168 844 decissve
1183 814 1311 854 υἷι-[ὼγ.
1360 814 1392 844 T
1391 813 1429 844 lle
1445 810 1471 853 8

185 863 306 894 Latius
319 863 392 894 and
404 864 595 895 Hernicans
610 870 725 894 rclztrn
745 869 774 894 lo
792 864 880 894 tlzcir
899 864 1014 894 homes.
1068 864 1131 894 Jhe
1154 865 1314 894 lblsst'ans
1334 866 1429 896 retire

186 917 254 948 into
270 918 448 956 Satricum,
469 918 523 948 lmt
543 918 704 949 Camillus
719 922 833 948 slorms
845 917 895 948 the
911 918 984 957 [ily.

183 1009 288 1046 Dato
303 1008 447 1047 deinde
464 1008 574 1059 signo
591 1022 637 1047 ex
653 1021 755 1057 equo
772 1009 900 1047 desilit
917 1016 954 1047 et
968 1009 1188 1058 proximum
1203 1009 1423 1059 signiferum

101 1085 220 1110 manu
249 1080 447 1123 arreptum
473 1086 607 1111 secum
634 1074 672 1111 in
700 1075 852 1112 hostem
882 1073 991 1123 rapit,
1022 1073 1156 1118 “infer,
1186 1074 1325 1112 miles''
1352 1076 1426 1112 cla-

52 1157 83 1182 15
101 1137 255 1181 mstans,
279 1137 500 1187 “signum''
560 1139 666 1187 quod
691 1139 756 1177 ubi
784 1138 915 1177 videre
943 1139 1068 1188 ipsum
1097 1139 1318 1185 Camillum,
1347 1139 1421 1177 iam
1445 1153 1464 1178 2

100 1203 152 1241 ad
171 1215 334 1241 munera
349 1202 528 1252 corporis
548 1211 706 1241 senecta
731 1203 955 1250 invalidum,
978 1205 1187 1242 vadentem
1215 1204 1253 1242 in
1280 1205 1424 1252 hostes,

100 1274 334 1315 procurrunt
353 1267 495 1316 pariter
515 1280 652 1305 omnes
672 1268 842 1306 clamore
862 1268 1027 1315 sublato,
1053 1272 1244 1317 “sequere
1264 1267 1424 1318 impera-

100 1337 225 1368 torem
237 1329 258 1346 ''
285 1344 356 1380 pro
382 1344 423 1369 se
450 1331 618 1381 quisque
643 1332 867 1370 clamantes.
925 1333 1109 1370 emissum
1133 1332 1248 1371 etiam
1273 1331 1422 1383 signum
1443 1344 1464 1380 3

102 1395 258 1434 Camilli
279 1395 384 1434 iussu
405 1395 444 1433 in
466 1396 637 1434 hostium
657 1397 782 1435 aciem
809 1398 946 1442 ferunt,
969 1396 1086 1446 idque
1114 1404 1155 1434 ut
1175 1403 1422 1446 repeteretur,

50 1458 317 1498 20concitatos
361 1459 638 1510 antesignanos
647 1476 657 1508 3
704 1460 758 1498 ibi
803 1460 971 1513 primum
1015 1461 1169 1510 pulsum
1210 1460 1421 1507 Antiatem,
1442 1475 1464 1508 4

100 1531 366 1572 terroremque
393 1538 474 1563 non
504 1526 544 1563 in
573 1525 739 1575 primam
769 1533 921 1563 tantum
955 1525 1090 1570 aciem,
1121 1525 1190 1563 sed
1224 1524 1340 1563 etiam
1374 1526 1422 1562 ad

101 1587 352 1626 subsidiarios
385 1590 588 1638 perlatum.
647 1603 720 1628 nec
754 1589 811 1627 vis
848 1597 998 1627 tantum
1032 1587 1197 1626 militum
1228 1590 1420 1634 movebat,
1445 1604 1462 1640 5

100 1653 267 1692 excitata
294 1654 511 1703 praesentia
537 1654 659 1700 ducis,
681 1655 751 1693 sed
777 1655 883 1703 quod
906 1655 1136 1691 Volscorum
1163 1652 1302 1690 animis
1329 1653 1423 1690 nihil

101 1717 308 1757 terribilius
328 1726 409 1757 erat
429 1731 546 1768 quam
568 1719 689 1768 ipsius
717 1718 873 1757 Camilli
893 1719 990 1757 forte
1011 1718 1142 1756 oblata
1162 1711 1329 1767 species3
1358 1717 1421 1762 ita,
1442 1724 1463 1757 6

49 1807 82 1831 2⁵
99 1795 338 1832 quocunque
381 1795 423 1820 se
464 1782 670 1830 intulisset,
710 1782 912 1820 victoriam
951 1795 1083 1820 secum
1121 1782 1227 1819 haud
1263 1780 1422 1819 dubiam

99 1848 287 1886 trahebat.
346 1847 514 1886 maxime
542 1847 583 1886 id
612 1847 773 1886 evidens
802 1847 884 1894 fuit,
915 1860 1005 1885 cum
1043 1845 1081 1883 in
1116 1847 1268 1884 laevum
1301 1858 1423 1884 cornu

75 1913 78 1915 ’
99 1925 223 1963 prope
241 1912 320 1951 iam
340 1914 495 1963 pulsum
522 1920 673 1962 arrepto
699 1919 859 1962 repente
884 1925 988 1961 equo
1008 1924 1096 1949 cum
1124 1917 1234 1949 scuto
1253 1910 1424 1960 pedestri

100 1977 289 2016 advectus
309 1984 526 2026 conspectu
546 1990 618 2015 suo
638 1976 830 2026 proelium
850 1975 1027 2023 restituit,
1049 1982 1248 2013 ostentans
1268 1974 1422 2012 vincen-

99 2047 181 2080 tem
219 2048 389 2079 ceteram
426 2040 564 2080 aciem.
639 2040 716 2078 iam
755 2039 940 2078 inclinata
977 2052 1035 2077 res
1073 2046 1165 2084 erat,
1205 2038 1275 2076 sed
1311 2038 1460 2088 turba7

50 2106 272 2151 30hostium
305 2113 344 2145 et
372 2107 504 2156 fugam
534 2104 788 2154 impediebat,
815 2112 852 2142 et
882 2105 998 2154 longa
1031 2103 1153 2141 caede
1181 2101 1424 2141 conficienda

100 2170 312 2209 multitudo
341 2178 450 2209 tanta
478 2172 581 2208 fesso
614 2169 724 2207 militi
760 2177 852 2215 erat,
885 2182 974 2206 cum
1010 2176 1168 2217 repente
1201 2166 1423 2216 ingentibus

99 2235 278 2285 procellis
296 2236 404 2274 fusus
423 2234 547 2273 imber
566 2242 711 2273 certam
733 2233 853 2283 magis
873 2233 1072 2271 victoriam
1093 2245 1208 2282 quam
1230 2231 1421 2282 proelium
