1586 2460
619 74 805 111 LIBER
855 76 916 111 VJ.
1389 89 1428 126 13

105 189 196 215 curn
217 175 385 215 Camillo
404 176 465 226 agi
485 175 643 225 placuit,
666 184 708 215 ut
728 177 874 216 omisso
901 179 1021 217 Antio
1048 180 1193 218 bellum
1222 181 1430 218 Etruscum

105 241 341 291 susciperet,
374 241 546 290 legiones
576 242 762 288 urbanae,
791 243 934 292 quibus
967 244 1173 292 Quinctius
1200 245 1429 294 praefuerat,

105 305 142 344 ei
186 306 459 345 decernuntur.
517 319 747 356 quanquam
793 316 995 357 expertum
1041 309 1252 347 exercitum
1299 321 1428 346 assue-
1449 316 1470 351 6

105 378 268 421 tumque
287 369 463 420 imperio,
485 370 552 419 qui
573 370 611 408 in
632 370 787 409 Volscis
815 379 907 417 erat,
931 373 1073 419 mallet,
1097 372 1191 410 nihil
1218 372 1406 411 recusavit
1419 388 1429 421 3

71 453 85 478 ⁵
106 435 306 474 Valerium
326 436 604 474 tantummodo
626 435 780 485 imperii
802 436 950 474 socium
979 437 1225 487 depoposcit.
1285 437 1431 486 Quinc-

104 501 180 540 tius
200 500 470 551 Horatiusque
490 514 732 539 successores
752 502 910 540 Valerio
930 502 969 540 in
990 503 1156 540 Volscos
1176 503 1295 541 missi.

185 565 355 605 Profecti
392 566 442 604 ab
479 567 574 604 urbe
613 565 783 604 Sutrium
824 565 961 604 Furius
996 574 1034 605 et
1067 567 1244 606 Valerius
1279 576 1428 617 partem
1449 583 1468 620 7

103 630 243 681 oppidi
275 631 352 669 iarn
387 638 542 680 captam
573 632 622 669 ab
654 630 827 669 Etruscis
856 631 1052 678 invenere,
1084 645 1130 670 ex
1158 640 1268 682 parte
1296 634 1427 680 altera,

102 695 349 746 intersaeptis
375 695 589 743 itineribus,
618 708 732 745 aegre
759 694 979 745 oppidanos
1007 695 1084 733 vim
1113 696 1282 734 hostium
1310 697 1359 734 ab
1387 710 1427 736 sc

56 780 88 798 ιο
103 767 288 799 arcentes.
337 773 428 799 cum
445 759 617 799 Romani
633 759 763 798 auxilii
780 760 985 805 adventus,
1004 767 1085 798 tum
1108 761 1262 799 Camilli
1282 774 1427 800 nomen
1446 765 1468 799 8

103 824 397 864 celeberrimum
429 825 535 875 apud
563 825 696 863 hostes
725 824 933 874 sociosque
963 832 1002 862 et
1029 824 1069 862 in
1097 817 1318 875 praesentia
1345 839 1426 864 rem

103 890 330 930 inclinatam
363 889 546 929 sustinuit
579 897 617 929 et
651 889 820 940 spatium
850 890 899 928 ad
930 903 1047 938 opem
1076 891 1276 928 ferendam
1305 891 1424 929 dedit.

103 956 236 1007 itaque
270 955 395 995 diviso
429 955 599 995 exercitu
633 955 823 994 Camillus
857 956 1059 1004 collegam,
1090 955 1130 992 in
1160 967 1247 993 earn
1275 963 1425 1005 partem
1445 970 1467 1005 9

103 1021 381 1061 circumductis
405 1021 539 1072 copiis,
562 1034 678 1071 quam
707 1022 840 1059 hostes
867 1021 1066 1067 tenebant,
1089 1020 1244 1058 moenia
1270 1020 1426 1071 aggredi

55 1107 85 1132 15
103 1087 222 1136 iubet,
258 1101 340 1126 non
374 1094 483 1126 tanta
516 1100 595 1137 spe,
628 1087 741 1124 scalis
777 1084 862 1134 capi
897 1085 1032 1123 urbem
1066 1098 1194 1134 posse,
1225 1099 1341 1135 quam
1371 1093 1424 1132 ut,

103 1151 246 1190 aversis
284 1165 332 1190 eo
370 1151 561 1198 hostibus,
605 1158 644 1189 et
688 1150 895 1200 oppidanis
941 1150 1017 1188 iarn
1062 1151 1272 1200 pugnando
1316 1150 1425 1189 fessis

103 1218 295 1256 laxaretur
331 1218 442 1255 labor
479 1225 517 1256 et
556 1217 639 1266 ipse
678 1215 847 1266 spatium
886 1215 1056 1253 intrandi
1094 1215 1177 1254 sine
1215 1215 1425 1254 certamine

102 1282 261 1321 moenia
288 1283 459 1321 haberet.
518 1283 626 1332 quod
656 1294 744 1320 cum
782 1280 897 1319 simul
931 1280 1113 1330 utrinque
1145 1281 1291 1318 facturn
1324 1287 1425 1319 esset
1448 1295 1493 1318 10

103 1359 329 1396 ancepsque
354 1354 476 1385 terror
503 1348 689 1384 Etruscos
717 1345 995 1391 circumstaret,
1023 1352 1060 1383 et
1089 1344 1246 1382 moenia
1274 1357 1426 1383 summa

54 1430 88 1448 20
102 1412 138 1450 vi
159 1411 378 1462 oppugnari
399 1419 437 1450 et
452 1412 552 1449 intra
571 1410 729 1449 moenia
749 1423 833 1448 esse
853 1410 1007 1448 hostem
1028 1409 1216 1456 viderent,
1238 1415 1352 1458 porta
1371 1422 1423 1456 se,

103 1489 204 1526 quae
223 1489 303 1514 una
321 1477 420 1515 forte
440 1489 521 1514 non
542 1475 808 1522 obsidebatur,
829 1473 969 1524 trepidi
989 1487 1070 1512 uno
1089 1473 1243 1524 agmine
1264 1473 1423 1512 eiecere.

104 1553 246 1590 magna
270 1540 412 1578 caedes
438 1539 670 1590 fugientium
690 1547 729 1578 et
748 1539 788 1576 in
809 1539 903 1577 urbe
924 1546 960 1576 et
987 1551 1055 1588 per
1081 1551 1192 1587 agros
1217 1544 1275 1576 est
1301 1539 1401 1576 facta
1415 1552 1425 1586 3
1449 1555 1489 1578 11

103 1606 231 1654 plures
251 1617 273 1642 a
293 1603 469 1642 Furianis
490 1603 590 1642 intra
610 1603 767 1642 moenia
786 1603 888 1641 caesi
904 1619 913 1651 5
943 1602 1140 1641 Valeriani
1165 1601 1425 1652 expeditiores

103 1669 151 1707 ad
183 1669 476 1718 persequendos
502 1669 608 1706 fuere
635 1680 708 1706 nec
734 1674 825 1705 ante
852 1674 1022 1714 noctem,
1044 1679 1144 1716 quae
1169 1674 1423 1716 conspectum

53 1750 85 1774 2⁵
102 1734 261 1780 ademit,
283 1735 398 1773 finem
420 1731 608 1771 caedendi
638 1732 774 1770 fecere.
832 1731 960 1769 Sutrio
986 1739 1143 1780 recepto
1169 1730 1424 1781 restitutoque
1451 1746 1492 1770 12

102 1798 229 1845 sociis,
279 1799 434 1847 Nepete
480 1796 671 1835 exercitus
718 1797 871 1842 ductus,
921 1796 1027 1845 quod
1071 1808 1138 1846 per
1183 1795 1424 1834 deditionem

102 1871 307 1914 acceptum
337 1862 415 1901 iam
444 1870 571 1901 totum
602 1860 754 1900 Etrusci
783 1861 991 1899 habebant.

102 2054 145 2084 ln
168 2063 298 2084 answer
315 2056 346 2083 to
365 2063 386 2082 a
406 2061 572 2082 summons
592 2054 620 2080 to
640 2049 817 2081 snt-render
835 2049 888 2080 the
907 2050 980 2089 city,
997 2049 1049 2079 tlte
1066 2049 1193 2079 citizens
1207 2049 1328 2079 declara
1342 2047 1428 2079 their
1446 2041 1506 2086 10

170 2144 172 2147 Ι
188 2107 344 2147 inabilily
359 2111 389 2137 to
408 2107 448 2138 do
461 2116 494 2137 so
503 2116 518 2144 ,·
540 2106 712 2146 thereupon
729 2104 782 2135 tlze
801 2104 948 2135 Romans
956 2104 1040 2146 first
1059 2108 1112 2144 try
1131 2108 1162 2134 to
1171 2104 1324 2144 fiiglltcn
1341 2104 1426 2134 them

52 2172 86 2196 30
189 2163 259 2194 into
281 2161 466 2198 surrentin,
491 2161 568 2198 and,
585 2160 723 2201 sailing
742 2159 779 2190 in
802 2159 876 2197 tlzis,
898 2160 968 2189 talee
990 2159 1041 2189 the
1061 2160 1123 2199 city
1143 2159 1182 2199 by
1201 2163 1311 2190 storm.
1363 2158 1428 2189 lee

187 2215 315 2246 citizens
335 2215 408 2245 wlco
423 2215 504 2245 have
519 2215 590 2245 been
607 2214 716 2254 guilty
730 2212 771 2254 of
782 2213 953 2253 betraying
967 2213 1019 2243 tlze
1034 2213 1098 2252 city
1112 2217 1143 2243 to
1163 2212 1215 2243 tlte
1230 2212 1422 2249 Etrus-cans,

187 2269 259 2299 ancl
269 2269 319 2298 all
331 2268 383 2298 tlte
394 2269 588 2306 Etruscam,
607 2277 665 2298 are
672 2271 739 2308 put
754 2271 784 2298 to
798 2267 900 2297 deatlz.
949 2266 1015 2297 The
1028 2266 1145 2296 Latius
1160 2266 1232 2296 and
1244 2265 1427 2296 llcrm'cans
