1586 2460
146 75 192 110 26
733 71 893 108 LJVJJ

144 177 357 215 dictaturae
385 176 702 225 consulatusque,
724 184 765 213 ut
787 183 905 225 caput
931 177 1108 214 attollere
1132 177 1314 214 Romana
1333 176 1470 225 plebes

144 241 273 292 possit.
333 239 500 289 proinde
537 240 698 289 adeste;
737 240 943 289 prohibete
976 239 1034 277 ius
1074 241 1123 279 de
1157 240 1331 290 pecuniis
1369 240 1470 290 dici;

144 320 216 356 ego
244 319 304 343 me
332 312 538 354 patronum
567 306 752 354 profiteor
776 303 915 354 plebis,
943 306 1052 354 quod
1079 305 1173 343 mihi
1201 319 1292 344 cura
1318 319 1404 344 mea
1433 314 1472 345 et

81 372 240 420 15f1des
278 383 423 408 nomen
470 371 619 418 induit,
667 383 736 409 vos
781 369 813 407 si
857 382 936 419 quo
981 369 1120 419 insigni
1160 370 1281 420 magis
1318 370 1471 420 imperii

146 435 350 474 honorisve
380 435 541 473 nomine
571 443 740 473 vestrum
771 434 1020 484 appellabitis
1050 436 1203 480 ducem,
1233 448 1280 473 eo
1311 435 1471 474 utemini

83 504 125 540 16
145 500 363 550 potentiore
396 501 445 538 ad
478 499 696 538 obtinenda
725 512 782 546 ea,
815 511 917 548 quae
945 499 1096 537 vultis.''
1151 499 1244 538 inde
1273 501 1324 538 de
1352 513 1472 550 regno

145 565 285 614 agendi
320 573 447 602 ortum
481 564 635 602 initium
672 564 835 612 dicitur,
882 565 950 603 sed
983 577 1056 602 nec
1095 577 1185 602 cum
1221 563 1361 614 quibus
1400 578 1473 602 nec

146 643 263 678 quem
284 631 333 667 ad
354 631 471 667 finem
493 629 655 668 consilia
676 629 937 679 pervenerint,
959 629 1050 667 satis
1072 630 1234 678 planum
1257 629 1426 667 traditur.

71 764 128 808 19
154 769 185 799 T
180 769 218 799 lte
234 769 350 799 Senate
357 774 436 809 pass
451 779 471 799 a
487 768 587 800 decrce
607 769 763 810 ordering
774 769 826 799 tlce
846 768 1049 808 magistrates
1065 773 1094 799 to
1110 772 1232 808 protect
1247 768 1298 799 the
1319 777 1475 799 common-

230 823 346 854 wealtlz.
353 823 447 864 from
458 824 511 854 tlze
515 823 611 865 fatal
622 823 751 864 designs
761 823 801 864 of
809 823 858 854 M.
877 823 1040 854 Manlius.
1078 823 1109 853 Τ
1109 823 1147 853 lle
1159 823 1310 864 military
1321 822 1475 858 tribunes,

231 878 364 909 assisted
376 878 414 919 by
430 879 482 909 the
504 878 652 909 tribunes
671 878 712 919 of
723 877 776 909 tlte
789 878 886 919 plebS,
903 877 973 907 who
995 888 1051 908 are
1069 877 1242 908 convinced
1258 876 1300 918 qf
1311 875 1476 907 Affanlz'us’

230 931 391 962 crimilml
404 931 574 969 ambitz'on,
593 931 767 962 determine
782 935 812 961 to
827 931 966 971 impeaclz
983 930 1065 961 lzz'm.

228 1024 280 1059 At
318 1021 357 1058 in
397 1029 508 1071 parte
546 1023 665 1059 altera
704 1029 863 1059 senatus
899 1021 948 1058 de
982 1019 1205 1058 secessione
1238 1019 1278 1057 in
1312 1020 1474 1058 domum

148 1085 337 1135 privatam
360 1085 497 1135 plebis,
522 1087 619 1124 forte
647 1085 766 1123 etiam
795 1085 833 1122 in
863 1098 950 1123 arce
977 1084 1160 1134 positam,
1190 1091 1228 1123 et
1254 1084 1475 1123 imminenti

109 1167 125 1189 2
148 1151 251 1189 mole
294 1150 459 1189 libertati
499 1151 628 1200 agitat.
698 1164 841 1200 magna
879 1163 966 1200 pars
1006 1149 1276 1197 vociferantur,
1316 1149 1476 1188 Servilio

148 1217 272 1254 Ahala
304 1230 401 1265 opus
437 1230 532 1265 esse,
570 1216 636 1265 qui
670 1229 752 1254 non
786 1215 825 1253 in
860 1215 989 1253 vincla
1023 1214 1114 1253 duci
1147 1214 1323 1254 iubendo
1356 1214 1476 1254 irritet

148 1280 346 1330 publicum
377 1281 542 1327 hostem,
572 1281 641 1319 sed
671 1280 787 1318 unius
815 1279 961 1318 iactura
987 1280 1081 1318 civis
1111 1279 1221 1318 finiat
1247 1278 1473 1318 intestinum

107 1360 127 1394 3
149 1347 303 1384 bellum.
363 1345 579 1384 decurritur
616 1346 667 1384 ad
712 1332 904 1384 leniorem¹
940 1345 1066 1384 verbis
1113 1344 1369 1392 sententiam,..
1397 1343 1476 1382 vim

150 1418 278 1448 tamen
309 1411 476 1449 eandem
503 1412 727 1458 habentem,
756 1418 799 1449 ut
824 1410 985 1448 videant
1013 1409 1272 1460 magistratus,
1301 1422 1353 1447 ne
1381 1408 1476 1459 quid

148 1488 194 1513 ex
232 1475 460 1525 perniciosis
494 1475 666 1514 consiliis
702 1477 759 1515 M.
794 1474 934 1514 Manlii
968 1488 1027 1513 res
1061 1473 1220 1524 publica
1253 1472 1477 1512 detrimenti

107 1540 285 1590 4capiat.
344 1549 427 1580 turn
461 1540 606 1579 tribuni
641 1540 836 1579 consulari
874 1547 1070 1589 potestate
1109 1539 1334 1588 tribunique
1371 1537 1478 1588 plebi

150 1604 257 1656 (nam
285 1607 383 1652 etei,
407 1605 499 1656 quia
520 1607 692 1657 eundem
713 1612 751 1644 et
780 1618 872 1644 suae
899 1603 1117 1654 potestatis,
1147 1617 1264 1654 quem
1290 1602 1478 1642 libertatis

149 1669 334 1717 omnium,
364 1671 482 1709 finem
502 1671 726 1717 cernebant,
747 1677 902 1719 patrum
921 1668 1144 1707 auctoritati
1164 1681 1206 1707 se
1225 1666 1476 1719 dediderant)

109 1745 128 1783 5
150 1734 187 1772 hi
225 1742 308 1772 tum
348 1748 497 1782 omnes,
538 1734 633 1785 quid
671 1747 771 1784 opus
817 1735 922 1772 sacto
967 1733 1027 1781 sit,
1073 1733 1308 1771 consultant.
1385 1744 1475 1771 cum

151 1809 301 1849 praeter
319 1800 397 1838 vim
419 1809 456 1838 et
477 1801 641 1839 caedem
663 1799 758 1837 nihil
779 1798 963 1849 cuiquam
986 1805 1216 1844 occurreret,
1238 1809 1326 1848 eam
1345 1804 1477 1835 autem

150 1865 315 1915 ingentis
346 1864 607 1903 dimicationis
637 1866 718 1904 fore
747 1872 963 1914 appareret,
995 1870 1078 1901 tum
1109 1865 1167 1901 M.
1199 1862 1410 1902 Menenius
1439 1871 1477 1901 et

106 1935 130 1970 '6
151 1930 199 1978 Q.
226 1930 436 1968 Publilius
486 1930 630 1968 tribuni
679 1929 826 1979 plebis:
888 1927 1018 1978 “quid
1062 1936 1218 1977 patrum
1265 1936 1305 1967 et
1351 1928 1477 1978 plebis

149 2004 348 2035 certamen
395 1997 570 2043 facimus,
623 1999 730 2046 quod
783 1996 949 2035 civitatis
994 2009 1079 2035 esse
1124 1997 1309 2035 adversus
1354 2009 1478 2034 unum

150 2060 376 2110 pestiferum
393 2061 519 2100 civem
540 2062 689 2100 debet?
746 2061 842 2112 quid
862 2075 952 2099 cum
972 2062 1089 2110 plebe
1109 2061 1356 2111 aggredimur
1374 2073 1476 2107 eum,

152 2139 269 2175 quem
303 2140 372 2176 per
406 2126 529 2175 ipsam
564 2127 720 2175 plebem
756 2126 876 2164 tutius
909 2125 1067 2176 aggredi
1101 2133 1170 2173 est,
1206 2132 1249 2164 ut
1282 2124 1361 2164 suis
1393 2124 1478 2175 ipse

112 2203 130 2239 7
152 2197 335 2228 oneratus
355 2190 500 2229 viribus
520 2192 634 2228 ruat?
689 2190 795 2228 diem
819 2191 948 2229 dicere
976 2190 1011 2229 ei
1038 2189 1152 2229 nobis
1178 2191 1218 2228 in
1244 2189 1378 2228 animo
1405 2197 1474 2229 est.

153 2252 404 2293 nihil‘minus
433 2256 621 2305 populare
650 2268 770 2305 quam
799 2268 960 2304 regnum
991 2262 1062 2293 est.
1119 2254 1233 2292 simul
1267 2244 1476 2293 multitudd

1496 833 1527 850 10

1496 1169 1526 1192 ¹5

1495 1492 1528 1509 90

1496 1819 1528 1842 25

1497 2146 1530 2170 30
