1586 2460
631 85 818 122 LIBER
867 86 931 121 Vl.
1397 95 1445 131 39

66 181 74 191 ¹
119 191 229 230 datio
274 190 356 229 fuit.
415 191 703 229 conclamatum
753 190 838 228 “ad
876 189 1016 236 arma,''
1056 201 1369 237 concursumque
1407 187 1446 225 in

120 267 252 294 muros
271 261 389 305 atque
409 262 540 305 portas
568 261 624 293 est
639 269 649 303 5
679 253 918 302 tandemque
945 255 995 291 ab
1016 253 1209 291 seditione
1228 253 1278 291 ad
1299 253 1445 291 bellum

118 320 218 359 versi
249 315 554 359 dictatorem'T.
592 319 820 368 Quinctium
854 318 1136 358 Cincinnatum
1171 330 1356 356 creavere.
1415 317 1490 367 is4

119 385 346 437 magistrum
366 384 543 434 equitum
571 386 614 422 A.
639 383 913 433 Sempronium
935 383 1154 421 Atratinum
1177 382 1280 420 dixit.
1339 383 1447 431 quod

85 469 100 494 5
119 450 185 490 ubi
211 449 388 489 auditum
415 457 484 496 est,
508 449 654 498 (tantus
684 448 765 486 eius
795 448 1038 498 magistratus
1068 456 1188 486 terror
1216 448 1311 497 erat)
1333 447 1446 485 simul

119 519 251 557 hostes
270 530 294 556 a
312 515 520 555 moenibus
547 528 739 554 recessere
760 522 799 553 et
819 514 988 553 iuniores
1012 515 1182 552 Romani
1203 516 1253 553 ad
1274 514 1444 553 edictum

118 583 202 622 sine
239 581 512 621 retractatione
559 593 788 619 convenere.
847 581 941 618 dum
989 579 1245 618 conscribitur
1292 580 1446 617 Romae
1464 590 1484 629 5

118 646 320 694 exercitus,
341 654 467 685 castra
493 646 647 685 interim
675 645 846 684 hostium
874 646 979 683 haud
1006 646 1140 694 procul
1169 643 1259 682 Alia
1286 643 1446 682 flumine

118 710 246 762 posita
261 725 272 759 3
320 710 412 749 inde
461 724 592 761 agrum
643 711 718 748 late
768 711 1013 760 populantes,
1064 710 1222 747 fatalem
1272 722 1312 746 se
1360 707 1445 745 urbi

69 793 100 811 ιο
120 778 326 815 Romanae
373 777 503 814 locum
551 774 714 825 cepisse,
762 773 862 813 inter
909 787 949 812 se
996 773 1194 812 iactabant
1211 788 1221 820 3
1279 771 1443 810 similem
1464 774 1486 809 6

117 854 302 891 pavorem
349 840 442 879 inde
489 853 535 878 ac
581 841 711 889 fugam
759 840 850 885 fore,
892 852 938 877 ac
977 839 1080 877 bello
1120 837 1271 876 Gallico
1309 837 1445 886 fuerit3
1503 841 1506 843 ’

118 905 262 945 etenim
301 905 332 945 si
370 906 475 944 diem
506 913 730 943 contactum
762 904 948 954 religione
977 903 1246 954 insignemque
1284 902 1444 941 nomine

118 971 200 1010 eius
226 970 302 1010 loci
329 971 492 1010 timeant
520 971 702 1017 Romani,
725 978 874 1020 quanto
901 969 1022 1019 magis
1049 968 1199 1007 Aliensi
1225 969 1288 1007 die
1315 967 1443 1006 Aliam

117 1037 254 1088 ipsam,
276 1044 578 1075 monumentum
605 1042 736 1074 tantae
763 1033 896 1081 cladis,
919 1033 1263 1073 reformidaturos?
1294 1033 1445 1082 species

69 1120 100 1144 ιε
117 1103 294 1152 profecto
321 1101 367 1141 iis
396 1101 449 1140 ibi
478 1108 604 1139 truces
629 1102 836 1143 *Gallorum
867 1112 1087 1149 sonumque
1117 1098 1224 1137 vocis
1253 1097 1293 1135 in
1323 1097 1444 1136 oculis

117 1174 236 1217 atque
264 1166 421 1205 auribus
452 1167 541 1204 fore.
602 1166 670 1203 has
702 1164 876 1202 inanium
909 1177 1035 1202 rerum
1066 1163 1202 1201 inanes
1233 1162 1337 1212 ipsas
1367 1163 1483 1214 vol-7

117 1239 253 1270 ventes
283 1229 552 1281 cogitationes,
588 1231 766 1268 fortunae
796 1227 871 1267 loci
905 1229 1180 1277 delegaverant
1218 1239 1307 1276 spes
1342 1239 1440 1265 suas.

119 1295 291 1341 Romani
317 1302 465 1340 contra,
487 1294 714 1342 ubicunque
741 1300 843 1331 esset
865 1292 1027 1329 Latinus
1055 1290 1188 1337 hostis,
1211 1290 1302 1328 satis
1332 1291 1438 1338 scire,

118 1374 207 1400 eum
246 1373 342 1407 esse,
382 1373 499 1409 quem
538 1360 589 1397 ad
629 1358 824 1408 Regillum
862 1358 991 1395 lacum
1040 1355 1238 1394 devictum
1285 1362 1442 1393 centum

67 1445 100 1462 20
116 1438 308 1464 annorum
335 1437 433 1475 pace
453 1422 625 1463 obnoxia
645 1422 863 1462 tenuerint:
893 1423 1022 1460 locum
1043 1420 1234 1471 insignem
1256 1419 1444 1458 memoria
1463 1427 1486 1462 8

117 1490 239 1529 cladis
267 1489 500 1529 irritaturum
531 1502 572 1528 se
598 1487 728 1538 potius
754 1489 805 1526 ad
832 1487 1042 1526 delendam
1068 1485 1297 1524 memoriam
1328 1486 1443 1523 dede-

116 1554 228 1601 coris,
258 1567 378 1604 quam
415 1561 458 1591 ut
496 1554 675 1591 timorem
714 1551 840 1599 faciat,
870 1564 920 1590 ne
957 1563 1035 1601 qua
1072 1557 1173 1588 terra
1209 1549 1258 1588 sit
1294 1551 1444 1588 nefasta

116 1619 300 1658 victoriae
327 1631 443 1667 suae3
472 1617 566 1668 quin
594 1617 669 1668 ipsi
690 1616 763 1655 sibi
784 1617 884 1655 Galli
913 1615 942 1654 si
964 1617 1173 1654 offerantur
1193 1615 1260 1653 illo
1280 1615 1381 1661 loco,
1402 1628 1443 1653 se
1464 1632 1487 1669 9

115 1683 170 1723 ita
194 1690 446 1734 pugnaturos,
467 1690 509 1721 ut
537 1685 690 1721 Romae
717 1681 976 1731 pugnaverint
1001 1680 1042 1718 in
1068 1679 1281 1730 repetenda
1308 1680 1441 1729 patria,

66 1767 97 1791 25
115 1755 158 1787 ut
195 1755 352 1798 postero
391 1747 455 1786 die
487 1748 536 1785 ad
571 1745 731 1793 Gabios,
766 1753 860 1784 tunc
898 1758 989 1783 cum
1027 1744 1235 1791 effecerint,
1271 1757 1321 1783 ne
1358 1743 1444 1793 quis

116 1813 249 1862 hostis,
281 1812 347 1863 qui
387 1812 545 1851 moenia
583 1814 766 1850 Romana
803 1812 994 1857 intrasset,
1029 1810 1209 1848 nuntium
1249 1809 1444 1848 secundae

116 1877 381 1927 adversaeque
410 1879 587 1916 fortunae
615 1877 779 1916 domum
809 1877 1003 1926 perferret.

117 2000 148 2030 A
165 1999 262 2030 battle
278 1999 306 2030 is
310 1997 435 2040 fought
447 2008 489 2029 on
504 1997 556 2028 the
569 1997 661 2035 Alia,
683 1997 719 2028 in
737 1996 786 2027 wll
792 1996 841 2027 iclz
862 1997 1079 2028 Ciminuatus
1093 1995 1210 2036 daflats
1224 1996 1276 2026 llze
1289 1997 1442 2027 Praenes·
1463 1994 1522 2039 29

201 2055 291 2085 lines.
337 2053 443 2095 Ez'glzt
457 2053 548 2084 cz'lies
562 2052 678 2093 subject
692 2056 723 2082 lo
737 2052 906 2082 Praeneste
921 2062 977 2081 are
990 2051 1154 2091 captured.
1199 2050 1287 2081 Then
1309 2050 1445 2081 Velitrae

66 2121 100 2146 30
201 2108 229 2139 is
242 2108 389 2139 stormed.
428 2107 544 2146 Laslly
560 2107 729 2137 Praeneste
742 2105 942 2136 surrenders.
993 2105 1148 2146 Trffmnplz
1165 2104 1204 2145 of
1216 2104 1444 2135 Cincinnatus.

199 2199 276 2239 His
314 2198 494 2249 utrinque
533 2198 673 2236 animis
710 2198 759 2235 ad
789 2198 918 2234 Aliam
953 2204 1114 2235 ventum
1153 2203 1222 2236 est.
1280 2196 1446 2234 dictator

120 2267 337 2311 Romanus,
371 2271 581 2314 postquam
621 2263 661 2301 in
700 2269 914 2311 conspectu
949 2263 1082 2299 hostes
1121 2268 1230 2298 erant
1270 2260 1445 2298 instructi
