1586 2460
634 77 819 114 LIBER
867 80 928 116 Vl.
1395 97 1436 122 21

120 177 346 214 Romanam
384 177 614 216 dictatorem
653 188 825 217 creatum
865 193 974 228 esse5
1023 181 1099 219 iam
1139 182 1285 222 omisso
1325 185 1482 229 bello,8

119 242 225 291 quod
259 241 483 280 simulatum
512 242 570 290 sit,
604 243 643 281 in
672 256 713 283 se
743 244 932 294 impetum
962 246 1041 284 fieri
1056 262 1065 294 3
1105 247 1179 284 iam
1210 248 1440 287 dictatorem

119 306 289 356 profiteri
328 308 587 357 patrocinium
625 311 884 348 feneratorum
923 312 1106 350 adversus
1146 314 1301 362 plebem
1314 327 1325 360 3
1364 313 1439 352 iam

118 370 199 420 sibi,
229 385 279 412 ex
315 373 447 411 favore
487 374 746 413 multitudinis
785 375 930 414 crimen
970 385 1007 415 et
1047 378 1258 426 perniciem
1293 379 1435 428 quaeri.

31 489 36 492 .
86 456 102 480 5
120 437 354 476 “offendit’'
375 438 500 488 inquit
524 443 601 485 “te,
624 442 670 477 A.
694 440 862 487 Corneli,
888 453 1045 491 vosque,
1068 451 1195 492 patres
1218 443 1438 493 conscripti,
1459 456 1482 491 9

117 501 351 541 circumfusa
386 505 500 542 turba
533 505 641 543 lateri
675 506 791 543 meo?
850 506 941 554 quin
977 519 1063 544 eam
1099 507 1283 546 diducitis
1316 522 1339 546 a
1377 521 1439 546 me

117 566 256 617 singuli
283 567 419 606 vestris
445 569 657 615 beneficiis,
687 570 977 617 intercedendo,
1003 570 1212 610 eximendo
1242 573 1292 610 de
1322 585 1439 611 nervo

117 634 222 671 cives
242 640 401 681 vestros,
425 633 673 683 prohibendo
694 633 884 672 iudicatos
904 634 1161 684 addictosque
1182 637 1282 681 duci,
1305 650 1353 674 ex
1378 650 1438 684 eo,

117 695 356 744 quodafluit
378 697 519 745 opibus
540 697 688 743 vestris,
711 697 942 735 sustinendo
968 698 1218 736 necessitates
1246 698 1437 736 aliorum?

72 779 102 796 ιο
117 759 188 798 sed
220 758 315 809 quid
349 773 422 809 ego
457 773 537 806 vos,
574 761 623 799 de
658 768 785 799 vestro
817 760 1063 810 impendatis,
1099 763 1258 801 hortor?
1295 772 1438 801 sortem
1464 781 1508 805 10

117 822 307 874 reliquam
328 825 423 863 ferte
436 839 446 872 3
477 825 525 862 de
547 824 675 873 capite
697 824 890 868 deducite,
912 826 1019 874 quod
1047 826 1171 864 usuris
1198 840 1440 876 pernumera-

117 894 200 925 tum
221 895 304 936 est;
334 887 409 925 iarn
433 888 553 926 nihilo
576 901 662 926 mea
683 890 794 927 turba
815 902 931 938 quam
953 890 1064 927 ullius
1086 890 1331 940 conspectior
1357 891 1437 929 erit.

117 959 158 990 at
196 951 300 990 enim
335 951 428 1002 quid
463 952 516 990 ita
554 954 658 990 solus
697 966 770 1002 ego
809 954 953 991 civium
993 967 1123 992 curam
1161 957 1264 1004 ago?
1319 955 1440 993 nihilo
1464 973 1502 996 11

119 1016 253 1066 magis,
276 1017 384 1066 quod
404 1018 676 1066 respondeam,
699 1018 839 1064 habeo,
861 1031 979 1067 quam
1006 1019 1036 1056 si
1064 1032 1237 1068 quaeras,
1267 1019 1362 1069 quid
1389 1019 1441 1057 ita

72 1100 100 1124 ις
118 1081 224 1119 solus
253 1080 494 1130 Capitolium
523 1094 731 1130 arcemque
760 1082 1002 1121 servaverim.
1062 1091 1099 1121 et
1129 1090 1210 1121 tum
1241 1084 1438 1131 universis,

118 1158 236 1194 quam
263 1145 386 1195 potui,
414 1159 532 1195 opem
563 1145 632 1183 tuli
661 1153 698 1185 et
726 1159 830 1184 nunc
851 1147 1011 1197 singulis
1032 1149 1162 1186 feram.
1222 1162 1312 1186 narn
1333 1149 1440 1198 quod
1465 1163 1505 1187 12

117 1210 170 1248 ad
201 1209 404 1248 thesaur-os
439 1210 613 1248 Gallicos
647 1210 796 1256 attinet,
833 1224 913 1249 rem
949 1220 1085 1261 suapte
1120 1219 1255 1250 natura
1288 1212 1439 1252 facilem

119 1273 317 1312 difficilem
338 1274 590 1323 interrogatio
610 1274 711 1313 facit.
757 1287 824 1312 cur
845 1275 947 1313 enim
969 1276 1163 1325 quaeritis,
1186 1277 1294 1325 quod
1314 1277 1441 1315 scitis?

118 1351 196 1385 cur,
229 1339 336 1388 quod
369 1337 409 1376 in
443 1337 529 1376 sinu
565 1346 692 1377 vestro
724 1347 793 1385 est,
825 1340 952 1377 excuti
983 1340 1123 1378 iubetis
1153 1341 1293 1390 potius,
1323 1353 1440 1390 quam

70 1426 102 1443 20
121 1403 287 1454 ponatis,
318 1403 390 1441 nisi
420 1403 550 1452 aliqua
579 1404 679 1441 fraus
710 1405 872 1442 subest?
927 1418 1004 1454 quo
1040 1405 1162 1454 magis
1196 1406 1300 1454 argui
1336 1417 1441 1454 prae·
1464 1421 1508 1454 ¹3

119 1468 250 1518 stigias
271 1467 413 1507 iubetis
434 1476 590 1514 vestraS,
612 1482 660 1507 eo
688 1470 774 1518 plus
802 1482 947 1518 vereor,
980 1482 1028 1507 ne
1054 1469 1288 1508 abstuleritis
1315 1471 1442 1508 obser-

120 1533 302 1573 vantibus
327 1533 445 1572 etiam
472 1536 623 1572 oculos.
679 1534 810 1582 itaque
838 1547 917 1572 non
944 1547 1017 1582 ego
1047 1533 1168 1580 vobis,
1200 1541 1241 1571 ut
1270 1534 1439 1572 indicem

120 1599 284 1649 praedas
317 1606 473 1645 vestraS,
513 1599 582 1637 sed
617 1611 685 1637 vos
720 1598 760 1636 id
794 1598 961 1648 cogendi
995 1598 1098 1644 estis,
1130 1606 1170 1636 ut
1202 1599 1239 1636 in
1269 1597 1438 1637 medium

120 1662 356 1713 proferatis.''

71 1829 102 1852 25
121 1815 276 1846 Manlius
290 1815 318 1845 is
332 1814 476 1845 arrestm'
483 1813 554 1844 and
560 1813 688 1844 tlcrown
703 1814 768 1844 [nlo
774 1813 901 1854 prison.
950 1813 982 1844 T
977 1813 1014 1843 he
1020 1813 1127 1854 people
1139 1812 1255 1854 though
1269 1812 1444 1853 indignant
1463 1806 1517 1850 16

205 1869 285 1900 clare
301 1873 356 1899 not
371 1868 464 1899 resisl
481 1868 534 1898 tlte
553 1867 721 1907 authority
735 1867 832 1907 oftllc
853 1867 998 1896 dl'clalor.
1045 1867 1152 1906 lllany
1167 1866 1311 1896 however
1320 1871 1384 1907 put
1402 1876 1442 1896 ou

208 1923 397 1964 mourning,
413 1923 485 1954 and
495 1923 583 1953 show
597 1922 686 1953 ollter
699 1922 787 1962 signs
802 1922 938 1962 ofgrics.
985 1921 1048 1952 The
1054 1921 1187 1962 general
1197 1921 1405 1961 indignation
1417 1921 1444 1951 is

206 1976 394 2008 stimulated
406 1977 445 2016 by
460 1977 512 2007 tlze
531 1975 693 2007 ‹lz'clolor’s
708 1975 866 2016 trz'zmtplc.
920 1975 962 2005 To
977 1975 1064 2015 ‹lm'el
1078 1975 1129 2005 llze
1139 1974 1247 2015 people
1259 1985 1280 2004 a
1295 1974 1403 2014 colony
1417 1974 1444 2004 is

207 2031 392 2072 despatched
404 2035 433 2062 to
448 2031 626 2069 Satricum,
643 2031 699 2061 but
715 2030 742 2061 it
758 2030 862 2060 makes
876 2033 1005 2060 matters
1017 2029 1128 2060 rather
1138 2039 1237 2059 worse
1248 2028 1328 2058 than
1341 2028 1443 2058 heller.
1485 2035 1488 2040 ·

73 2102 107 2126 30
210 2087 279 2117 Tlte
294 2085 432 2116 dictator
445 2084 576 2125 resz‘gns.

205 2179 306 2217 Cum
335 2176 488 2215 mittere
516 2177 700 2226 ambages
732 2175 898 2213 dictator
925 2173 1074 2212 iuberet
1103 2180 1140 2211 et
1168 2179 1234 2210 aut
1262 2183 1446 2221 peragere

124 2255 257 2282 verum
287 2241 475 2282 indicium
505 2248 659 2294 cogeret
687 2247 754 2280 aut
784 2239 891 2279 fateri
926 2238 1074 2277 facinus
1108 2236 1315 2277 insimulati
1350 2237 1445 2274 salso
