1586 2460
104 91 148 114 ro
687 77 846 113 LJVJJ

99 179 157 216 sui
189 177 354 226 benigne
384 177 661 226 pollicentibus
692 190 864 226 operam,
897 177 1089 224 Valerius,
1119 177 1248 215 socius
1278 177 1429 227 imperii

99 245 231 288 lectus,
260 241 412 288 adiecit,
446 243 499 279 M.
532 240 690 279 Furium
720 241 791 279 sibi
822 254 892 290 pro
923 241 1114 280 dictatore
1145 255 1264 292 seque
1293 242 1329 281 ei
1358 255 1430 292 pro

37 321 77 355 17
99 307 280 356 magistro
311 304 486 354 equitum
522 306 714 352 futurum,
753 305 931 354 proinde,
963 318 1081 355 quam
1115 305 1343 355 opinionem
1380 307 1430 345 de

99 371 214 409 unico
250 371 497 419 imperatore,
532 383 618 408 eam
650 383 759 419 spem
795 370 845 408 de
874 371 980 408 bello
1009 371 1209 409 haberent.
1268 383 1309 410 se
1339 383 1432 410 vero

100 434 200 471 bene
228 445 382 482 sperare
411 441 540 481 patres
567 440 606 471 et
634 432 682 470 de
711 433 815 470 bello
843 439 881 470 et
907 433 957 470 de
987 445 1085 482 pace
1112 433 1371 483 universaque
1391 446 1431 472 re
1450 453 1465 477 ς

39 504 78 537 ιὸ
100 497 255 546 publica
281 496 397 534 erecti
425 496 569 545 gaudio
597 497 777 543 fremunt,
809 509 882 534 nec
909 496 1100 535 dictatore
1129 509 1302 547 unquam
1330 510 1432 548 opus

99 565 178 601 sore
207 562 260 600 rei
290 562 482 611 publicae,
514 561 545 600 si
575 562 671 600 tales
701 561 802 599 viros
834 561 873 599 in
909 562 1136 611 magistratu
1168 562 1322 606 habeat,
1351 569 1431 601 tam

99 626 361 665 concordibus
397 626 550 665 iunctos
584 625 738 673 animis,
774 639 908 676 parere
942 634 1059 676 atque
1099 626 1288 676 imperare
1327 627 1433 666 iuxta

100 699 255 742 paratos
281 692 518 741 laudemque
545 692 794 729 conferentes
823 690 953 740 potius
981 690 1020 729 in
1049 691 1225 730 medium
1247 705 1365 742 quam
1387 704 1434 730 ex

100 755 301 795 communi
321 756 371 794 ad
392 770 433 795 se
454 757 663 795 trahentes.
1453 776 1484 793 lc

54 894 80 938 7
104 899 265 928 tlzsm'slas
291 899 362 928 aml
392 898 542 929 Valerius
571 902 614 929 set
639 903 696 929 aul
710 899 773 939 far
800 899 967 929 Salm'sum
994 899 1100 930 where
1125 909 1145 930 α
1173 900 1263 940 large
1282 900 1374 940 δήητε
1403 899 1438 940 of

193 953 364 989 lblscz‘ans,
389 953 517 991 Lalz'ns,
545 954 616 984 aml
634 954 824 984 lim-nicam
847 954 875 984 is
898 954 1048 985 collected.
1101 955 1166 986 The
1186 955 1321 986 soldicrs
1342 955 1439 996 being

184 1008 406 1038 dishearlcmael
432 1008 470 1048 by
499 1019 585 1038 nefus
615 1008 655 1049 qs
675 1008 728 1040 tlte
757 1009 1010 1050 overwlzclmz'ng
1026 1009 1119 1050 force
1155 1009 1196 1050 of
1223 1009 1277 1041 the
1310 1019 1430 1050 enemy,

174 1064 346 1095 ,Camillus
364 1064 521 1095 addresses
536 1064 632 1095 llzem.

182 1154 337 1194 Iustitio
359 1155 509 1194 indicto
538 1155 764 1206 dilectuque
790 1157 937 1204 habito,
962 1157 1100 1196 Furius
1120 1170 1166 1195 ac
1189 1156 1364 1195 Valerius
1383 1157 1434 1195 ad
1455 1176 1486 1199 ¹5

101 1220 290 1258 Satricum
320 1221 495 1270 profecti,
527 1235 606 1271 quo
645 1235 724 1260 non
757 1224 993 1261 Volscorum
1032 1224 1153 1262 modo
1191 1222 1434 1260 iuventutem

100 1278 281 1323 Antiates
308 1299 356 1324 ex
385 1299 486 1324 nova
516 1287 655 1325 subole
685 1288 841 1333 lectam,
874 1288 943 1325 sed
973 1286 1173 1337 ingentem
1204 1286 1433 1325 Latinorum

103 1350 444 1399 Hernicorumque
483 1352 560 1388 vim
600 1351 850 1390 conciverant
896 1365 944 1390 ex
982 1350 1240 1401 integerrimis
1283 1349 1434 1389 diutina

49 1464 52 1469 Α
100 1427 196 1463 pace
231 1415 397 1464 populis.
455 1414 587 1464 itaque
618 1428 743 1453 novus
772 1415 896 1454 hostis
931 1415 1050 1454 veteri
1084 1415 1293 1454 adiunctus
1326 1426 1434 1453 com—

62 1493 79 1516 2
102 1478 222 1516 movit
255 1478 408 1517 animos
442 1479 573 1517 militis
609 1479 792 1518 Romani.
852 1481 959 1530 quod
999 1479 1065 1518 ubi
1102 1480 1227 1519 aciem
1265 1479 1343 1518 iam
1381 1478 1500 1517 in-20.

100 1544 261 1582 struenti
292 1543 460 1582 Camillo
487 1544 738 1583 centuriones
768 1545 1103 1591 renuntiaverunt,
1132 1545 1307 1583 turbatas
1333 1543 1435 1582 mili-

101 1616 182 1646 tum
203 1617 353 1647 mentes
381 1622 477 1655 esse,
499 1609 670 1660 segniter
695 1623 803 1647 arma
832 1618 960 1658 capta,
989 1610 1370 1658 cunctabundosque
1396 1617 1435 1649 et

101 1673 319 1712 restitantes
340 1687 515 1724 egressos
542 1674 676 1712 castris
705 1687 802 1722 esse,
825 1674 921 1724 quin
943 1687 1061 1714 voces
1089 1687 1247 1724 quoque
1267 1674 1433 1723 auditas,

101 1751 188 1775 cum
221 1738 398 1776 centenis
430 1738 610 1777 hostibus
640 1738 815 1788 singulos
845 1746 1099 1788 pugnatur05‚
1129 1745 1167 1777 et
1195 1751 1309 1788 aegre
1338 1737 1436 1777 iner-

102 1817 201 1842 mem
225 1811 372 1842 tantam
389 1804 694 1851 multitudinem,
712 1805 859 1843 nedum
881 1812 1084 1851 armatam,
1103 1803 1284 1842 sustineri
1303 1816 1432 1854 posse,
1453 1824 1486 1848 25

60 1881 80 1916 3
103 1870 139 1906 in
168 1882 311 1918 equum
340 1869 460 1907 insilit
488 1877 525 1907 et
552 1877 644 1908 ante
671 1869 792 1920 signa,
822 1871 1010 1908 obversus
1039 1870 1080 1908 in
1110 1868 1247 1918 aciem,
1277 1868 1434 1909 ordines

102 1933 400 1983 interequitans:
444 1938 575 1984 “quae
609 1935 774 1982 tristitia,
806 1935 962 1982 milites,
992 1935 1101 1981 haec,
1140 1947 1241 1984 quae
1275 1933 1432 1973 insolita

101 1998 300 2036 cunctatio
321 2000 403 2036 est?
458 2000 613 2037 hostem
641 2013 691 2037 an
713 2013 776 2038 me
796 2013 847 2038 an
867 2013 938 2038 vos
965 1998 1177 2049 ignoratis?
1231 1998 1355 2038 hostis
1375 2005 1434 2038 est

102 2062 196 2111 quid
223 2062 329 2100 aliud
357 2076 476 2112 quam
504 2073 697 2113 perpetua
725 2063 889 2102 materia
915 2063 1066 2102 virtutis
1094 2061 1320 2114 gloriaeque
1352 2075 1434 2102 ves-

60 2140 85 2174 4
104 2128 206 2165 trae?
261 2141 330 2165 vos
358 2136 495 2166 contra
521 2142 584 2167 me
612 2130 724 2176 duce,
747 2138 790 2167 ut
818 2129 990 2168 Falerios
1009 2129 1211 2179 Veiosque
1237 2136 1375 2179 captos
1395 2135 1434 2168 et
1450 2121 1491 2168 ³0⁸

103 2191 140 2228 in
175 2200 290 2241 capta
324 2193 447 2242 patria
486 2195 689 2232 Gallorum
729 2194 905 2244 legiones
939 2207 1072 2233 caesas
1111 2202 1274 2241 taceam,
1309 2194 1433 2233 modo

102 2252 328 2304 trigeminae
349 2256 533 2296 victoriae
554 2258 746 2307 triplicem
766 2258 1007 2308 triumphum
1029 2271 1075 2297 ex
1093 2257 1261 2308 hisipsis
1275 2257 1432 2296 Volscis
