<?xml version="1.0" encoding="UTF-8"?>
<!DOCTYPE html PUBLIC "-//W3C//DTD XHTML 1.0 Transitional//EN"
    "http://www.w3.org/TR/xhtml1/DTD/xhtml1-transitional.dtd">
<html xmlns="http://www.w3.org/1999/xhtml" xml:lang="en" lang="en">
 <head>
  <title>
</title>
<meta http-equiv="Content-Type" content="text/html;charset=utf-8" />
  <meta name='ocr-system' content='tesseract 3.04.00' />
  <meta name='ocr-capabilities' content='ocr_page ocr_carea ocr_par ocr_line ocrx_word'/>
</head>
<body>
  <div class='ocr_page' id='page_1' title='image "./bookvilivy00livyuoft/bookvilivy00livyuoft_0085.png"; bbox 0 0 1586 2460; ppageno 0'>
   <div class='ocr_carea' id='block_1_1' title="bbox 635 84 1441 129">
    <p class='ocr_par' dir='ltr' id='par_1_1' title="bbox 635 84 1441 129">
     <span class='ocr_line' id='line_1_1' title="bbox 635 84 1441 129; baseline -0.001 -10"><span class='ocrx_word' id='word_1_1' title='bbox 635 84 820 120; x_wconf 80' lang='lat' dir='ltr'><em>LIBER</em></span> <span class='ocrx_word' id='word_1_2' title='bbox 869 84 930 120; x_wconf 83' lang='lat' dir='ltr'>Vl.</span> <span class='ocrx_word' id='word_1_3' title='bbox 1393 93 1441 129; x_wconf 86' lang='lat'>43</span> 
     </span>
    </p>
   </div>
   <div class='ocr_carea' id='block_1_2' title="bbox 73 184 1522 1016">
    <p class='ocr_par' dir='ltr' id='par_1_2' title="bbox 120 184 1488 431">
     <span class='ocr_line' id='line_1_2' title="bbox 120 184 1443 232; baseline -0.002 -8"><span class='ocrx_word' id='word_1_4' title='bbox 120 186 274 226; x_wconf 86' lang='lat' dir='ltr'>hostico</span> <span class='ocrx_word' id='word_1_5' title='bbox 294 187 473 225; x_wconf 88' lang='lat' dir='ltr'>morandi</span> <span class='ocrx_word' id='word_1_6' title='bbox 493 199 611 224; x_wconf 83' lang='lat' dir='ltr'>causa</span> <span class='ocrx_word' id='word_1_7' title='bbox 631 198 724 232; x_wconf 82' lang='lat' dir='ltr'>erat,</span> <span class='ocrx_word' id='word_1_8' title='bbox 747 197 789 223; x_wconf 90' lang='lat' dir='ltr'>ut</span> <span class='ocrx_word' id='word_1_9' title='bbox 815 186 967 223; x_wconf 77' lang='lat' dir='ltr'>hostem</span> <span class='ocrx_word' id='word_1_10' title='bbox 989 187 1037 223; x_wconf 87' lang='lat' dir='ltr'>ad</span> <span class='ocrx_word' id='word_1_11' title='bbox 1059 193 1255 223; x_wconf 81' lang='lat' dir='ltr'>certamen</span> <span class='ocrx_word' id='word_1_12' title='bbox 1277 184 1443 222; x_wconf 78' lang='lat' dir='ltr'>eliceret.</span> 
     </span>
     <span class='ocr_line' id='line_1_3' title="bbox 122 248 1488 301; baseline -0.003 -12"><span class='ocrx_word' id='word_1_13' title='bbox 122 251 253 301; x_wconf 74' lang='lat' dir='ltr'>itaque</span> <span class='ocrx_word' id='word_1_14' title='bbox 299 252 484 290; x_wconf 84' lang='lat' dir='ltr'>omnibus</span> <span class='ocrx_word' id='word_1_15' title='bbox 531 251 675 300; x_wconf 84' lang='lat' dir='ltr'>passim</span> <span class='ocrx_word' id='word_1_16' title='bbox 727 250 839 289; x_wconf 90' lang='lat' dir='ltr'>tectis</span> <span class='ocrx_word' id='word_1_17' title='bbox 888 263 1067 300; x_wconf 83' lang='lat' dir='ltr'>agrorum</span> <span class='ocrx_word' id='word_1_18' title='bbox 1117 250 1288 299; x_wconf 86' lang='lat' dir='ltr'>vicisque</span> <span class='ocrx_word' id='word_1_19' title='bbox 1328 248 1444 286; x_wconf 83' lang='lat' dir='ltr'>etiarn</span> <span class='ocrx_word' id='word_1_20' title='bbox 1465 254 1488 289; x_wconf 90' lang='lat'><strong>8</strong></span> 
     </span>
     <span class='ocr_line' id='line_1_4' title="bbox 121 314 1446 366; baseline -0.004 -12"><span class='ocrx_word' id='word_1_21' title='bbox 121 316 356 366; x_wconf 88' lang='lat' dir='ltr'>quibusdam</span> <span class='ocrx_word' id='word_1_22' title='bbox 383 316 537 362; x_wconf 65' lang='lat' dir='ltr'>exustis,</span> <span class='ocrx_word' id='word_1_23' title='bbox 560 329 639 354; x_wconf 88' lang='lat' dir='ltr'>non</span> <span class='ocrx_word' id='word_1_24' title='bbox 666 318 803 354; x_wconf 90' lang='lat' dir='ltr'>arbore</span> <span class='ocrx_word' id='word_1_25' title='bbox 832 315 1019 365; x_wconf 79' lang='lat' dir='ltr'>frugifera,</span> <span class='ocrx_word' id='word_1_26' title='bbox 1043 328 1122 352; x_wconf 91' lang='lat' dir='ltr'>non</span> <span class='ocrx_word' id='word_1_27' title='bbox 1149 314 1240 352; x_wconf 86' lang='lat' dir='ltr'>satis</span> <span class='ocrx_word' id='word_1_28' title='bbox 1268 314 1307 351; x_wconf 88' lang='lat' dir='ltr'>in</span> <span class='ocrx_word' id='word_1_29' title='bbox 1334 325 1446 362; x_wconf 85' lang='lat' dir='ltr'>spem</span> 
     </span>
     <span class='ocr_line' id='line_1_5' title="bbox 121 378 1446 431; baseline -0.003 -12"><span class='ocrx_word' id='word_1_30' title='bbox 121 382 272 431; x_wconf 89' lang='lat' dir='ltr'>frugum</span> <span class='ocrx_word' id='word_1_31' title='bbox 310 380 466 428; x_wconf 87' lang='lat' dir='ltr'>relictis,</span> <span class='ocrx_word' id='word_1_32' title='bbox 496 382 614 426; x_wconf 87' lang='lat' dir='ltr'>omni,</span> <span class='ocrx_word' id='word_1_33' title='bbox 646 394 746 430; x_wconf 85' lang='lat' dir='ltr'>quae</span> <span class='ocrx_word' id='word_1_34' title='bbox 784 388 890 419; x_wconf 80' lang='lat' dir='ltr'>extra</span> <span class='ocrx_word' id='word_1_35' title='bbox 928 380 1085 418; x_wconf 87' lang='lat' dir='ltr'>moenia</span> <span class='ocrx_word' id='word_1_36' title='bbox 1122 379 1204 426; x_wconf 84' lang='lat' dir='ltr'>fuit,</span> <span class='ocrx_word' id='word_1_37' title='bbox 1240 378 1446 417; x_wconf 86' lang='lat' dir='ltr'>hominurn</span> 
     </span>
    </p>

    <p class='ocr_par' dir='ltr' id='par_1_3' title="bbox 88 443 1446 550">
     <span class='ocr_line' id='line_1_6' title="bbox 88 443 1446 495; baseline -0.004 -11"><span class='ocrx_word' id='word_1_38' title='bbox 88 446 399 495; x_wconf 75' lang='lat' dir='ltr'>specudumque</span> <span class='ocrx_word' id='word_1_39' title='bbox 437 447 583 495; x_wconf 85' lang='lat' dir='ltr'>praeda</span> <span class='ocrx_word' id='word_1_40' title='bbox 621 446 769 492; x_wconf 79' lang='lat' dir='ltr'>abacta,</span> <span class='ocrx_word' id='word_1_41' title='bbox 814 446 982 483; x_wconf 81' lang='lat' dir='ltr'>Romam</span> <span class='ocrx_word' id='word_1_42' title='bbox 1030 444 1210 493; x_wconf 88' lang='lat' dir='ltr'>utrinque</span> <span class='ocrx_word' id='word_1_43' title='bbox 1258 443 1446 481; x_wconf 80' lang='lat' dir='ltr'>exercitus</span> 
     </span>
     <span class='ocr_line' id='line_1_7' title="bbox 121 510 282 550; baseline 0.006 -2"><span class='ocrx_word' id='word_1_44' title='bbox 121 510 282 550; x_wconf 90' lang='lat' dir='ltr'>reducti.</span> 
     </span>
    </p>

    <p class='ocr_par' dir='ltr' id='par_1_4' title="bbox 120 572 1522 754">
     <span class='ocr_line' id='line_1_8' title="bbox 204 572 1522 624; baseline -0.004 -10"><span class='ocrx_word' id='word_1_45' title='bbox 204 577 328 614; x_wconf 89' lang='lat' dir='ltr'>Parvo</span> <span class='ocrx_word' id='word_1_46' title='bbox 356 576 558 614; x_wconf 88' lang='lat' dir='ltr'>intervallo</span> <span class='ocrx_word' id='word_1_47' title='bbox 585 577 634 614; x_wconf 85' lang='lat' dir='ltr'>ad</span> <span class='ocrx_word' id='word_1_48' title='bbox 663 575 930 624; x_wconf 72' lang='lat' dir='ltr'>respirandum</span> <span class='ocrx_word' id='word_1_49' title='bbox 953 574 1195 612; x_wconf 79' lang='lat' dir='ltr'>debitoribus</span> <span class='ocrx_word' id='word_1_50' title='bbox 1215 574 1319 619; x_wconf 86' lang='lat' dir='ltr'>dato,</span> <span class='ocrx_word' id='word_1_51' title='bbox 1341 582 1444 622; x_wconf 87' lang='lat' dir='ltr'>post-</span> <span class='ocrx_word' id='word_1_52' title='bbox 1463 572 1522 615; x_wconf 83' lang='lat'>32</span> 
     </span>
     <span class='ocr_line' id='line_1_9' title="bbox 122 638 1445 691; baseline -0.004 -12"><span class='ocrx_word' id='word_1_53' title='bbox 122 654 240 691; x_wconf 91' lang='lat' dir='ltr'>quam</span> <span class='ocrx_word' id='word_1_54' title='bbox 277 640 432 691; x_wconf 82' lang='lat' dir='ltr'>quietae</span> <span class='ocrx_word' id='word_1_55' title='bbox 465 655 526 679; x_wconf 91' lang='lat' dir='ltr'>res</span> <span class='ocrx_word' id='word_1_56' title='bbox 559 642 609 679; x_wconf 86' lang='lat' dir='ltr'>ab</span> <span class='ocrx_word' id='word_1_57' title='bbox 643 641 822 678; x_wconf 81' lang='lat' dir='ltr'>hostibus</span> <span class='ocrx_word' id='word_1_58' title='bbox 852 646 972 685; x_wconf 80' lang='lat' dir='ltr'>erant,</span> <span class='ocrx_word' id='word_1_59' title='bbox 1002 639 1188 677; x_wconf 79' lang='lat' dir='ltr'>celebrari</span> <span class='ocrx_word' id='word_1_60' title='bbox 1217 639 1266 676; x_wconf 85' lang='lat' dir='ltr'>de</span> <span class='ocrx_word' id='word_1_61' title='bbox 1295 638 1445 687; x_wconf 85' lang='lat' dir='ltr'>integro</span> 
     </span>
     <span class='ocr_line' id='line_1_10' title="bbox 120 702 1449 754; baseline -0.002 -11"><span class='ocrx_word' id='word_1_62' title='bbox 120 705 346 753; x_wconf 88' lang='lat' dir='ltr'>iurisdictio,</span> <span class='ocrx_word' id='word_1_63' title='bbox 368 714 407 745; x_wconf 90' lang='lat' dir='ltr'>et</span> <span class='ocrx_word' id='word_1_64' title='bbox 434 714 584 744; x_wconf 84' lang='lat' dir='ltr'>tantum</span> <span class='ocrx_word' id='word_1_65' title='bbox 611 706 747 744; x_wconf 78' lang='lat' dir='ltr'>abesse</span> <span class='ocrx_word' id='word_1_66' title='bbox 775 718 863 754; x_wconf 87' lang='lat' dir='ltr'>spes</span> <span class='ocrx_word' id='word_1_67' title='bbox 891 704 1028 742; x_wconf 75' lang='lat' dir='ltr'>veteris</span> <span class='ocrx_word' id='word_1_68' title='bbox 1055 703 1209 742; x_wconf 81' lang='lat' dir='ltr'>levandi</span> <span class='ocrx_word' id='word_1_69' title='bbox 1230 702 1383 750; x_wconf 89' lang='lat' dir='ltr'>fenoris,</span> <span class='ocrx_word' id='word_1_70' title='bbox 1407 709 1449 740; x_wconf 89' lang='lat' dir='ltr'>ut</span> 
     </span>
    </p>

    <p class='ocr_par' dir='ltr' id='par_1_5' title="bbox 73 767 1489 1016">
     <span class='ocr_line' id='line_1_11' title="bbox 73 767 1449 811; baseline -0.003 -2"><span class='ocrx_word' id='word_1_71' title='bbox 73 788 105 806; x_wconf 75' lang='grc' dir='ltr'>ιο</span> <span class='ocrx_word' id='word_1_72' title='bbox 121 771 266 810; x_wconf 89' lang='lat' dir='ltr'>tributo</span> <span class='ocrx_word' id='word_1_73' title='bbox 296 785 441 811; x_wconf 90' lang='lat' dir='ltr'>novum</span> <span class='ocrx_word' id='word_1_74' title='bbox 470 773 581 810; x_wconf 85' lang='lat' dir='ltr'>fenus</span> <span class='ocrx_word' id='word_1_75' title='bbox 607 772 898 810; x_wconf 83' lang='lat' dir='ltr'>contraheretur</span> <span class='ocrx_word' id='word_1_76' title='bbox 925 769 965 807; x_wconf 88' lang='lat' dir='ltr'>in</span> <span class='ocrx_word' id='word_1_77' title='bbox 991 782 1145 807; x_wconf 88' lang='lat' dir='ltr'>murum</span> <span class='ocrx_word' id='word_1_78' title='bbox 1172 782 1195 806; x_wconf 91' lang='lat' dir='ltr'>a</span> <span class='ocrx_word' id='word_1_79' title='bbox 1223 767 1449 806; x_wconf 82' lang='lat' dir='ltr'>censoribus</span> 
     </span>
     <span class='ocr_line' id='line_1_12' title="bbox 121 832 1489 886; baseline -0.002 -12"><span class='ocrx_word' id='word_1_80' title='bbox 121 837 295 875; x_wconf 91' lang='lat' dir='ltr'>locatum</span> <span class='ocrx_word' id='word_1_81' title='bbox 325 849 419 875; x_wconf 90' lang='lat' dir='ltr'>saxo</span> <span class='ocrx_word' id='word_1_82' title='bbox 449 837 641 886; x_wconf 82' lang='lat' dir='ltr'>quadrato</span> <span class='ocrx_word' id='word_1_83' title='bbox 670 835 920 882; x_wconf 85' lang='lat' dir='ltr'>faciundum;</span> <span class='ocrx_word' id='word_1_84' title='bbox 958 833 1020 871; x_wconf 90' lang='lat' dir='ltr'>cui</span> <span class='ocrx_word' id='word_1_85' title='bbox 1055 835 1309 871; x_wconf 83' lang='lat' dir='ltr'>succumbere</span> <span class='ocrx_word' id='word_1_86' title='bbox 1339 832 1447 870; x_wconf 90' lang='lat' dir='ltr'>oneri</span> <span class='ocrx_word' id='word_1_87' title='bbox 1469 846 1489 871; x_wconf 91' lang='lat'><strong>2</strong></span> 
     </span>
     <span class='ocr_line' id='line_1_13' title="bbox 121 897 1450 951; baseline -0.004 -12"><span class='ocrx_word' id='word_1_88' title='bbox 121 909 259 939; x_wconf 83' lang='lat' dir='ltr'>coacta</span> <span class='ocrx_word' id='word_1_89' title='bbox 287 901 435 951; x_wconf 88' lang='lat' dir='ltr'>plebes,</span> <span class='ocrx_word' id='word_1_90' title='bbox 457 900 561 950; x_wconf 85' lang='lat' dir='ltr'>quia,</span> <span class='ocrx_word' id='word_1_91' title='bbox 583 914 701 949; x_wconf 85' lang='lat' dir='ltr'>quem</span> <span class='ocrx_word' id='word_1_92' title='bbox 733 899 917 938; x_wconf 87' lang='lat' dir='ltr'>dilectum</span> <span class='ocrx_word' id='word_1_93' title='bbox 949 898 1195 947; x_wconf 80' lang='lat' dir='ltr'>impedirent,</span> <span class='ocrx_word' id='word_1_94' title='bbox 1222 911 1303 935; x_wconf 90' lang='lat' dir='ltr'>non</span> <span class='ocrx_word' id='word_1_95' title='bbox 1334 897 1450 934; x_wconf 87' lang='lat' dir='ltr'>habe-</span> 
     </span>
     <span class='ocr_line' id='line_1_14' title="bbox 123 966 552 1016; baseline -0.005 -11"><span class='ocrx_word' id='word_1_96' title='bbox 123 967 216 1005; x_wconf 89' lang='lat' dir='ltr'>bant</span> <span class='ocrx_word' id='word_1_97' title='bbox 246 966 388 1005; x_wconf 89' lang='lat' dir='ltr'>tribuni</span> <span class='ocrx_word' id='word_1_98' title='bbox 417 966 552 1016; x_wconf 88' lang='lat' dir='ltr'>plebis.</span> 
     </span>
    </p>
   </div>
   <div class='ocr_carea' id='block_1_3' title="bbox 75 1111 1453 1428">
    <p class='ocr_par' dir='ltr' id='par_1_6' title="bbox 75 1111 1453 1372">
     <span class='ocr_line' id='line_1_15' title="bbox 125 1111 1450 1156; baseline -0.003 -10"><span class='ocrx_word' id='word_1_99' title='bbox 125 1123 191 1147; x_wconf 72' lang='lat' dir='ltr'>13.C.</span> <span class='ocrx_word' id='word_1_100' title='bbox 212 1124 391 1156; x_wconf 80' lang='lat'>377—371.</span> <span class='ocrx_word' id='word_1_101' title='bbox 449 1115 480 1145; x_wconf 86' lang='lat' dir='ltr'><em>T</em></span> <span class='ocrx_word' id='word_1_102' title='bbox 475 1115 513 1145; x_wconf 70' lang='lat' dir='ltr'>lte</span> <span class='ocrx_word' id='word_1_103' title='bbox 532 1119 609 1144; x_wconf 76' lang='lat' dir='ltr'>ucxl</span> <span class='ocrx_word' id='word_1_104' title='bbox 630 1114 778 1153; x_wconf 68' lang='lat' dir='ltr'>mt‘ll&#39;lm’y</span> <span class='ocrx_word' id='word_1_105' title='bbox 793 1113 936 1143; x_wconf 67' lang='lat' dir='ltr'>tribunes</span> <span class='ocrx_word' id='word_1_106' title='bbox 956 1112 1075 1149; x_wconf 65' lang='lat' dir='ltr'>clcclcd,</span> <span class='ocrx_word' id='word_1_107' title='bbox 1095 1112 1148 1142; x_wconf 77' lang='lat' dir='ltr'>six</span> <span class='ocrx_word' id='word_1_108' title='bbox 1172 1111 1208 1142; x_wconf 83' lang='lat' dir='ltr'>in</span> <span class='ocrx_word' id='word_1_109' title='bbox 1233 1111 1378 1147; x_wconf 74' lang='lat' dir='ltr'>number,</span> <span class='ocrx_word' id='word_1_110' title='bbox 1395 1122 1450 1142; x_wconf 72' lang='grc' dir='ltr'>(ιη’</span> 
     </span>
     <span class='ocr_line' id='line_1_16' title="bbox 75 1166 1453 1210; baseline -0.004 -9"><span class='ocrx_word' id='word_1_111' title='bbox 75 1183 106 1206; x_wconf 81' lang='lat'>15</span> <span class='ocrx_word' id='word_1_112' title='bbox 208 1170 258 1201; x_wconf 89' lang='lat' dir='ltr'>all</span> <span class='ocrx_word' id='word_1_113' title='bbox 264 1170 460 1210; x_wconf 71' lang='lat' dir='ltr'>palrz&#39;cz&#39;ans.</span> <span class='ocrx_word' id='word_1_114' title='bbox 520 1170 541 1199; x_wconf 80' lang='lat'>7</span> <span class='ocrx_word' id='word_1_115' title='bbox 545 1170 617 1199; x_wconf 58' lang='lat' dir='ltr'>71»ae</span> <span class='ocrx_word' id='word_1_116' title='bbox 631 1169 750 1199; x_wconf 67' lang='lat' dir='ltr'>armies</span> <span class='ocrx_word' id='word_1_117' title='bbox 765 1179 821 1198; x_wconf 74' lang='lat' dir='ltr'>are</span> <span class='ocrx_word' id='word_1_118' title='bbox 843 1168 950 1198; x_wconf 75' lang='lat' dir='ltr'>raised</span> <span class='ocrx_word' id='word_1_119' title='bbox 962 1168 1099 1198; x_wconf 75' lang='lat' dir='ltr'>willmut</span> <span class='ocrx_word' id='word_1_120' title='bbox 1118 1167 1291 1206; x_wconf 45' lang='lat' dir='ltr'>&amp;position</span> <span class='ocrx_word' id='word_1_121' title='bbox 1305 1166 1367 1207; x_wconf 74' lang='lat' dir='ltr'>for</span> <span class='ocrx_word' id='word_1_122' title='bbox 1380 1177 1453 1196; x_wconf 76' lang='lat' dir='ltr'>war</span> 
     </span>
     <span class='ocr_line' id='line_1_17' title="bbox 208 1219 1452 1264; baseline -0.004 -10"><span class='ocrx_word' id='word_1_123' title='bbox 208 1224 339 1264; x_wconf 78' lang='lat' dir='ltr'><em>against</em></span> <span class='ocrx_word' id='word_1_124' title='bbox 353 1231 364 1239; x_wconf 82' lang='grc'><em>·</em></span> <span class='ocrx_word' id='word_1_125' title='bbox 375 1224 428 1254; x_wconf 76' lang='lat' dir='ltr'>tlte</span> <span class='ocrx_word' id='word_1_126' title='bbox 464 1223 627 1254; x_wconf 73' lang='lat' dir='ltr'>Volscians</span> <span class='ocrx_word' id='word_1_127' title='bbox 656 1223 728 1252; x_wconf 69' lang='lat' dir='ltr'>and</span> <span class='ocrx_word' id='word_1_128' title='bbox 754 1222 881 1252; x_wconf 76' lang='lat' dir='ltr'>Lallns.</span> <span class='ocrx_word' id='word_1_129' title='bbox 943 1222 973 1252; x_wconf 83' lang='lat' dir='ltr'><em>A</em></span> <span class='ocrx_word' id='word_1_130' title='bbox 1013 1221 1108 1251; x_wconf 64' lang='lat' dir='ltr'>bczllle</span> <span class='ocrx_word' id='word_1_131' title='bbox 1144 1221 1173 1251; x_wconf 85' lang='lat' dir='ltr'>z&#39;s</span> <span class='ocrx_word' id='word_1_132' title='bbox 1198 1220 1322 1261; x_wconf 74' lang='lat' dir='ltr'>fought</span> <span class='ocrx_word' id='word_1_133' title='bbox 1351 1219 1452 1260; x_wconf 55' lang='lat' dir='ltr'>lle-’fore</span> 
     </span>
     <span class='ocr_line' id='line_1_18' title="bbox 209 1273 1451 1315; baseline -0.004 -6"><span class='ocrx_word' id='word_1_134' title='bbox 209 1279 387 1314; x_wconf 83' lang='lat' dir='ltr'>Satricum,</span> <span class='ocrx_word' id='word_1_135' title='bbox 404 1278 510 1308; x_wconf 68' lang='lat' dir='ltr'>wlzc’re</span> <span class='ocrx_word' id='word_1_136' title='bbox 529 1277 582 1308; x_wconf 80' lang='lat' dir='ltr'><em>tlze</em></span> <span class='ocrx_word' id='word_1_137' title='bbox 602 1277 721 1308; x_wconf 73' lang='lat' dir='ltr'>Latius</span> <span class='ocrx_word' id='word_1_138' title='bbox 742 1276 813 1306; x_wconf 80' lang='lat' dir='ltr'>and</span> <span class='ocrx_word' id='word_1_139' title='bbox 834 1276 996 1306; x_wconf 81' lang='lat' dir='ltr'>Volsclczns</span> <span class='ocrx_word' id='word_1_140' title='bbox 1014 1285 1072 1305; x_wconf 79' lang='lat' dir='ltr'>are</span> <span class='ocrx_word' id='word_1_141' title='bbox 1091 1275 1270 1315; x_wconf 71' lang='lat' dir='ltr'>encampea&#39;,</span> <span class='ocrx_word' id='word_1_142' title='bbox 1291 1275 1326 1304; x_wconf 83' lang='lat' dir='ltr'>in</span> <span class='ocrx_word' id='word_1_143' title='bbox 1347 1273 1451 1304; x_wconf 75' lang='lat' dir='ltr'>which</span> 
     </span>
     <span class='ocr_line' id='line_1_19' title="bbox 208 1328 1452 1372; baseline -0.004 -9"><span class='ocrx_word' id='word_1_144' title='bbox 208 1332 295 1372; x_wconf 80' lang='lat' dir='ltr'>after</span> <span class='ocrx_word' id='word_1_145' title='bbox 308 1343 328 1362; x_wconf 84' lang='lat' dir='ltr'>a</span> <span class='ocrx_word' id='word_1_146' title='bbox 344 1343 445 1363; x_wconf 65' lang='lat' dir='ltr'>severe</span> <span class='ocrx_word' id='word_1_147' title='bbox 457 1332 598 1372; x_wconf 65' lang='lat' dir='ltr'>struggle</span> <span class='ocrx_word' id='word_1_148' title='bbox 614 1331 666 1361; x_wconf 73' lang='lat' dir='ltr'>tlze</span> <span class='ocrx_word' id='word_1_149' title='bbox 680 1332 825 1361; x_wconf 80' lang='lat' dir='ltr'>Romans</span> <span class='ocrx_word' id='word_1_150' title='bbox 836 1340 892 1360; x_wconf 78' lang='lat' dir='ltr'>are</span> <span class='ocrx_word' id='word_1_151' title='bbox 903 1328 1081 1368; x_wconf 55' lang='lat' dir='ltr'>successful.</span> <span class='ocrx_word' id='word_1_152' title='bbox 1135 1329 1199 1359; x_wconf 65' lang='lat' dir='ltr'>77ae</span> <span class='ocrx_word' id='word_1_153' title='bbox 1211 1339 1320 1368; x_wconf 77' lang='lat' dir='ltr'>enemy</span> <span class='ocrx_word' id='word_1_154' title='bbox 1334 1332 1452 1359; x_wconf 76' lang='lat' dir='ltr'>retreal</span> 
     </span>
    </p>

    <p class='ocr_par' dir='ltr' id='par_1_7' title="bbox 197 1383 942 1428">
     <span class='ocr_line' id='line_1_20' title="bbox 197 1383 942 1428; baseline -0.007 -11"><span class='ocrx_word' id='word_1_155' title='bbox 197 1387 282 1428; x_wconf 80' lang='lat' dir='ltr'>first</span> <span class='ocrx_word' id='word_1_156' title='bbox 294 1390 325 1417; x_wconf 85' lang='lat' dir='ltr'>to</span> <span class='ocrx_word' id='word_1_157' title='bbox 339 1386 519 1423; x_wconf 79' lang='lat' dir='ltr'>Satricum,</span> <span class='ocrx_word' id='word_1_158' title='bbox 539 1385 610 1415; x_wconf 77' lang='lat' dir='ltr'>and</span> <span class='ocrx_word' id='word_1_159' title='bbox 622 1384 728 1414; x_wconf 69' lang='lat' dir='ltr'>thence</span> <span class='ocrx_word' id='word_1_160' title='bbox 742 1388 772 1414; x_wconf 82' lang='lat' dir='ltr'>to</span> <span class='ocrx_word' id='word_1_161' title='bbox 788 1384 819 1414; x_wconf 87' lang='lat' dir='ltr'><em>A</em></span> <span class='ocrx_word' id='word_1_162' title='bbox 824 1383 942 1413; x_wconf 70' lang='lat' dir='ltr'>nlinm.</span> 
     </span>
    </p>
   </div>
   <div class='ocr_carea' id='block_1_4' title="bbox 74 1479 1496 2308">
    <p class='ocr_par' dir='ltr' id='par_1_8' title="bbox 75 1479 1495 1792">
     <span class='ocr_line' id='line_1_21' title="bbox 75 1479 1493 1530; baseline -0.005 -7"><span class='ocrx_word' id='word_1_163' title='bbox 75 1505 108 1523; x_wconf 83' lang='lat'>20</span> <span class='ocrx_word' id='word_1_164' title='bbox 204 1483 404 1523; x_wconf 83' lang='lat' dir='ltr'>Tribunos</span> <span class='ocrx_word' id='word_1_165' title='bbox 435 1484 553 1522; x_wconf 87' lang='lat' dir='ltr'>etiam</span> <span class='ocrx_word' id='word_1_166' title='bbox 587 1482 771 1520; x_wconf 89' lang='lat' dir='ltr'>militares</span> <span class='ocrx_word' id='word_1_167' title='bbox 803 1481 986 1530; x_wconf 87' lang='lat' dir='ltr'>patricios</span> <span class='ocrx_word' id='word_1_168' title='bbox 1018 1493 1155 1519; x_wconf 92' lang='lat' dir='ltr'>omnes</span> <span class='ocrx_word' id='word_1_169' title='bbox 1186 1486 1323 1518; x_wconf 88' lang='lat' dir='ltr'>coacta</span> <span class='ocrx_word' id='word_1_170' title='bbox 1353 1479 1452 1529; x_wconf 89' lang='lat' dir='ltr'>prin·</span> <span class='ocrx_word' id='word_1_171' title='bbox 1471 1494 1493 1530; x_wconf 85' lang='lat'>3</span> 
     </span>
     <span class='ocr_line' id='line_1_22' title="bbox 124 1544 1450 1599; baseline -0.005 -12"><span class='ocrx_word' id='word_1_172' title='bbox 124 1550 256 1599; x_wconf 85' lang='lat' dir='ltr'>cipum</span> <span class='ocrx_word' id='word_1_173' title='bbox 295 1548 436 1598; x_wconf 90' lang='lat' dir='ltr'>opibus</span> <span class='ocrx_word' id='word_1_174' title='bbox 473 1547 577 1594; x_wconf 88' lang='lat' dir='ltr'>fecit,</span> <span class='ocrx_word' id='word_1_175' title='bbox 613 1548 654 1584; x_wconf 88' lang='lat' dir='ltr'>L.</span> <span class='ocrx_word' id='word_1_176' title='bbox 692 1546 915 1592; x_wconf 85' lang='lat' dir='ltr'>Aemilium,</span> <span class='ocrx_word' id='word_1_177' title='bbox 954 1547 993 1583; x_wconf 90' lang='lat' dir='ltr'>P.</span> <span class='ocrx_word' id='word_1_178' title='bbox 1028 1544 1228 1583; x_wconf 82' lang='lat' dir='ltr'>Valerium</span> <span class='ocrx_word' id='word_1_179' title='bbox 1258 1551 1450 1593; x_wconf 87' lang='lat' dir='ltr'>quartum,</span> 
     </span>
     <span class='ocr_line' id='line_1_23' title="bbox 125 1607 1453 1661; baseline -0.005 -9"><span class='ocrx_word' id='word_1_180' title='bbox 125 1616 169 1654; x_wconf 92' lang='lat' dir='ltr'>C.</span> <span class='ocrx_word' id='word_1_181' title='bbox 202 1613 420 1661; x_wconf 85' lang='lat' dir='ltr'>Veturium,</span> <span class='ocrx_word' id='word_1_182' title='bbox 450 1613 527 1651; x_wconf 89' lang='lat' dir='ltr'>Ser.</span> <span class='ocrx_word' id='word_1_183' title='bbox 561 1611 788 1661; x_wconf 87' lang='lat' dir='ltr'>Sulpicium,</span> <span class='ocrx_word' id='word_1_184' title='bbox 821 1612 864 1648; x_wconf 94' lang='lat' dir='ltr'>L.</span> <span class='ocrx_word' id='word_1_185' title='bbox 901 1618 938 1649; x_wconf 93' lang='lat' dir='ltr'>et</span> <span class='ocrx_word' id='word_1_186' title='bbox 973 1610 1017 1648; x_wconf 91' lang='lat' dir='ltr'>C.</span> <span class='ocrx_word' id='word_1_187' title='bbox 1052 1608 1258 1656; x_wconf 85' lang='lat' dir='ltr'>Quinctios</span> <span class='ocrx_word' id='word_1_188' title='bbox 1298 1607 1453 1646; x_wconf 85' lang='lat' dir='ltr'>Cincin-</span> 
     </span>
     <span class='ocr_line' id='line_1_24' title="bbox 125 1672 1495 1726; baseline -0.006 -9"><span class='ocrx_word' id='word_1_189' title='bbox 125 1686 248 1717; x_wconf 87' lang='lat' dir='ltr'>natos.</span> <span class='ocrx_word' id='word_1_190' title='bbox 319 1677 461 1716; x_wconf 90' lang='lat' dir='ltr'>iisdem</span> <span class='ocrx_word' id='word_1_191' title='bbox 508 1676 651 1726; x_wconf 88' lang='lat' dir='ltr'>opibus</span> <span class='ocrx_word' id='word_1_192' title='bbox 700 1675 914 1721; x_wconf 88' lang='lat' dir='ltr'>obtinuere,</span> <span class='ocrx_word' id='word_1_193' title='bbox 964 1681 1006 1711; x_wconf 83' lang='lat' dir='ltr'>ut</span> <span class='ocrx_word' id='word_1_194' title='bbox 1055 1674 1240 1711; x_wconf 89' lang='lat' dir='ltr'>adversus</span> <span class='ocrx_word' id='word_1_195' title='bbox 1289 1672 1452 1710; x_wconf 87' lang='lat' dir='ltr'>Latinos</span> <span class='ocrx_word' id='word_1_196' title='bbox 1471 1684 1495 1717; x_wconf 90' lang='lat'>4</span> 
     </span>
     <span class='ocr_line' id='line_1_25' title="bbox 125 1737 1454 1792; baseline -0.005 -11"><span class='ocrx_word' id='word_1_197' title='bbox 125 1744 384 1792; x_wconf 86' lang='lat' dir='ltr'>Volscosque,</span> <span class='ocrx_word' id='word_1_198' title='bbox 415 1741 481 1791; x_wconf 90' lang='lat' dir='ltr'>qui</span> <span class='ocrx_word' id='word_1_199' title='bbox 511 1740 730 1780; x_wconf 89' lang='lat' dir='ltr'>coniunctis</span> <span class='ocrx_word' id='word_1_200' title='bbox 760 1738 981 1790; x_wconf 86' lang='lat' dir='ltr'>legionibus</span> <span class='ocrx_word' id='word_1_201' title='bbox 1011 1739 1062 1776; x_wconf 93' lang='lat' dir='ltr'>ad</span> <span class='ocrx_word' id='word_1_202' title='bbox 1100 1737 1292 1776; x_wconf 86' lang='lat' dir='ltr'>Satricum</span> <span class='ocrx_word' id='word_1_203' title='bbox 1330 1745 1454 1775; x_wconf 87' lang='lat' dir='ltr'>castra</span> 
     </span>
    </p>

    <p class='ocr_par' dir='ltr' id='par_1_9' title="bbox 74 1803 1496 2105">
     <span class='ocr_line' id='line_1_26' title="bbox 74 1803 1453 1856; baseline -0.004 -12"><span class='ocrx_word' id='word_1_204' title='bbox 74 1827 106 1851; x_wconf 82' lang='lat'>25</span> <span class='ocrx_word' id='word_1_205' title='bbox 124 1809 334 1855; x_wconf 88' lang='lat' dir='ltr'>habebant,</span> <span class='ocrx_word' id='word_1_206' title='bbox 357 1808 465 1846; x_wconf 91' lang='lat' dir='ltr'>nullo</span> <span class='ocrx_word' id='word_1_207' title='bbox 493 1806 734 1856; x_wconf 89' lang='lat' dir='ltr'>impediente</span> <span class='ocrx_word' id='word_1_208' title='bbox 761 1805 944 1844; x_wconf 89' lang='lat' dir='ltr'>omnibus</span> <span class='ocrx_word' id='word_1_209' title='bbox 971 1803 1188 1842; x_wconf 90' lang='lat' dir='ltr'>iunioribus</span> <span class='ocrx_word' id='word_1_210' title='bbox 1208 1810 1453 1841; x_wconf 88' lang='lat' dir='ltr'>sacramento</span> 
     </span>
     <span class='ocr_line' id='line_1_27' title="bbox 125 1867 1492 1921; baseline -0.006 -9"><span class='ocrx_word' id='word_1_211' title='bbox 125 1872 287 1921; x_wconf 88' lang='lat' dir='ltr'>adactis,</span> <span class='ocrx_word' id='word_1_212' title='bbox 309 1880 385 1911; x_wconf 89' lang='lat' dir='ltr'>tres</span> <span class='ocrx_word' id='word_1_213' title='bbox 406 1871 596 1910; x_wconf 86' lang='lat' dir='ltr'>exercitus</span> <span class='ocrx_word' id='word_1_214' title='bbox 617 1870 841 1917; x_wconf 87' lang='lat' dir='ltr'>scriberent,</span> <span class='ocrx_word' id='word_1_215' title='bbox 862 1882 982 1908; x_wconf 90' lang='lat' dir='ltr'>unum</span> <span class='ocrx_word' id='word_1_216' title='bbox 1005 1869 1056 1906; x_wconf 89' lang='lat' dir='ltr'>ad</span> <span class='ocrx_word' id='word_1_217' title='bbox 1076 1867 1314 1918; x_wconf 88' lang='lat' dir='ltr'>praesidium</span> <span class='ocrx_word' id='word_1_218' title='bbox 1334 1867 1452 1913; x_wconf 80' lang='lat' dir='ltr'>urbis,</span> <span class='ocrx_word' id='word_1_219' title='bbox 1473 1879 1492 1918; x_wconf 87' lang='lat'>5</span> 
     </span>
     <span class='ocr_line' id='line_1_28' title="bbox 124 1931 1454 1987; baseline -0.005 -11"><span class='ocrx_word' id='word_1_220' title='bbox 124 1938 301 1983; x_wconf 88' lang='lat' dir='ltr'>alterum,</span> <span class='ocrx_word' id='word_1_221' title='bbox 328 1936 407 1987; x_wconf 84' lang='lat' dir='ltr'>qui,</span> <span class='ocrx_word' id='word_1_222' title='bbox 435 1935 468 1974; x_wconf 86' lang='lat' dir='ltr'>si</span> <span class='ocrx_word' id='word_1_223' title='bbox 498 1936 564 1985; x_wconf 90' lang='lat' dir='ltr'>qui</span> <span class='ocrx_word' id='word_1_224' title='bbox 593 1935 686 1974; x_wconf 84' lang='lat' dir='ltr'>alibi</span> <span class='ocrx_word' id='word_1_225' title='bbox 716 1943 845 1973; x_wconf 90' lang='lat' dir='ltr'>motus</span> <span class='ocrx_word' id='word_1_226' title='bbox 877 1933 1099 1977; x_wconf 85' lang='lat' dir='ltr'>exstitisset,</span> <span class='ocrx_word' id='word_1_227' title='bbox 1119 1933 1171 1970; x_wconf 88' lang='lat' dir='ltr'>ad</span> <span class='ocrx_word' id='word_1_228' title='bbox 1201 1931 1332 1970; x_wconf 91' lang='lat' dir='ltr'>subita</span> <span class='ocrx_word' id='word_1_229' title='bbox 1360 1931 1454 1970; x_wconf 91' lang='lat' dir='ltr'>belli</span> 
     </span>
     <span class='ocr_line' id='line_1_29' title="bbox 126 1996 1453 2051; baseline -0.006 -10"><span class='ocrx_word' id='word_1_230' title='bbox 126 2001 229 2041; x_wconf 90' lang='lat' dir='ltr'>mitti</span> <span class='ocrx_word' id='word_1_231' title='bbox 265 2008 424 2051; x_wconf 88' lang='lat' dir='ltr'>posset;</span> <span class='ocrx_word' id='word_1_232' title='bbox 472 2000 628 2039; x_wconf 89' lang='lat' dir='ltr'>tertium</span> <span class='ocrx_word' id='word_1_233' title='bbox 664 2000 779 2049; x_wconf 88' lang='lat' dir='ltr'>longe</span> <span class='ocrx_word' id='word_1_234' title='bbox 817 1998 1100 2037; x_wconf 87' lang='lat' dir='ltr'>validissimum</span> <span class='ocrx_word' id='word_1_235' title='bbox 1131 1999 1172 2035; x_wconf 91' lang='lat' dir='ltr'>P.</span> <span class='ocrx_word' id='word_1_236' title='bbox 1203 1996 1381 2034; x_wconf 86' lang='lat' dir='ltr'>Valerius</span> <span class='ocrx_word' id='word_1_237' title='bbox 1415 2003 1453 2034; x_wconf 92' lang='lat' dir='ltr'>et</span> 
     </span>
     <span class='ocr_line' id='line_1_30' title="bbox 127 2061 1496 2105; baseline -0.004 0"><span class='ocrx_word' id='word_1_238' title='bbox 127 2069 169 2105; x_wconf 90' lang='lat' dir='ltr'>L.</span> <span class='ocrx_word' id='word_1_239' title='bbox 192 2065 384 2105; x_wconf 89' lang='lat' dir='ltr'>Aemilius</span> <span class='ocrx_word' id='word_1_240' title='bbox 404 2066 455 2104; x_wconf 87' lang='lat' dir='ltr'>ad</span> <span class='ocrx_word' id='word_1_241' title='bbox 475 2065 666 2105; x_wconf 89' lang='lat' dir='ltr'>Satricum</span> <span class='ocrx_word' id='word_1_242' title='bbox 687 2065 841 2103; x_wconf 86' lang='lat' dir='ltr'>duxere.</span> <span class='ocrx_word' id='word_1_243' title='bbox 882 2063 950 2103; x_wconf 92' lang='lat' dir='ltr'>ubi</span> <span class='ocrx_word' id='word_1_244' title='bbox 969 2076 1059 2101; x_wconf 88' lang='lat' dir='ltr'>cum</span> <span class='ocrx_word' id='word_1_245' title='bbox 1079 2062 1204 2101; x_wconf 88' lang='lat' dir='ltr'>aciem</span> <span class='ocrx_word' id='word_1_246' title='bbox 1225 2061 1450 2100; x_wconf 87' lang='lat' dir='ltr'>instructam</span> <span class='ocrx_word' id='word_1_247' title='bbox 1472 2062 1496 2099; x_wconf 88' lang='lat'><strong>6</strong></span> 
     </span>
    </p>

    <p class='ocr_par' dir='ltr' id='par_1_10' title="bbox 77 2128 1494 2308">
     <span class='ocr_line' id='line_1_31' title="bbox 77 2128 1456 2179; baseline -0.005 -9"><span class='ocrx_word' id='word_1_248' title='bbox 77 2153 110 2178; x_wconf 84' lang='lat'>30</span> <span class='ocrx_word' id='word_1_249' title='bbox 126 2130 298 2170; x_wconf 90' lang='lat' dir='ltr'>hostium</span> <span class='ocrx_word' id='word_1_250' title='bbox 317 2131 407 2169; x_wconf 87' lang='lat' dir='ltr'>loeo</span> <span class='ocrx_word' id='word_1_251' title='bbox 433 2142 561 2179; x_wconf 88' lang='lat' dir='ltr'>aequo</span> <span class='ocrx_word' id='word_1_252' title='bbox 587 2128 838 2176; x_wconf 89' lang='lat' dir='ltr'>invenissent,</span> <span class='ocrx_word' id='word_1_253' title='bbox 859 2128 1056 2177; x_wconf 87' lang='lat' dir='ltr'>extemplo</span> <span class='ocrx_word' id='word_1_254' title='bbox 1083 2133 1300 2176; x_wconf 87' lang='lat' dir='ltr'>pugnatum</span> <span class='ocrx_word' id='word_1_255' title='bbox 1313 2139 1324 2173; x_wconf 84' lang='lat'>3</span> <span class='ocrx_word' id='word_1_256' title='bbox 1353 2132 1392 2163; x_wconf 90' lang='lat' dir='ltr'>et</span> <span class='ocrx_word' id='word_1_257' title='bbox 1411 2131 1456 2163; x_wconf 91' lang='lat' dir='ltr'>ut</span> 
     </span>
     <span class='ocr_line' id='line_1_32' title="bbox 126 2190 1454 2242; baseline -0.005 -8"><span class='ocrx_word' id='word_1_258' title='bbox 126 2195 306 2234; x_wconf 91' lang='lat' dir='ltr'>nondum</span> <span class='ocrx_word' id='word_1_259' title='bbox 333 2194 425 2232; x_wconf 87' lang='lat' dir='ltr'>satis</span> <span class='ocrx_word' id='word_1_260' title='bbox 451 2201 596 2233; x_wconf 90' lang='lat' dir='ltr'>certam</span> <span class='ocrx_word' id='word_1_261' title='bbox 623 2192 839 2239; x_wconf 87' lang='lat' dir='ltr'>victoriam,</span> <span class='ocrx_word' id='word_1_262' title='bbox 861 2193 917 2231; x_wconf 89' lang='lat' dir='ltr'>sic</span> <span class='ocrx_word' id='word_1_263' title='bbox 941 2204 1151 2242; x_wconf 89' lang='lat' dir='ltr'>prosperae</span> <span class='ocrx_word' id='word_1_264' title='bbox 1177 2190 1261 2240; x_wconf 91' lang='lat' dir='ltr'>spei</span> <span class='ocrx_word' id='word_1_265' title='bbox 1280 2201 1454 2240; x_wconf 90' lang='lat' dir='ltr'>pugnam</span> 
     </span>
     <span class='ocr_line' id='line_1_33' title="bbox 128 2253 1494 2308; baseline -0.005 -10"><span class='ocrx_word' id='word_1_266' title='bbox 128 2259 252 2298; x_wconf 86' lang='lat' dir='ltr'>imber</span> <span class='ocrx_word' id='word_1_267' title='bbox 271 2258 496 2308; x_wconf 89' lang='lat' dir='ltr'>ingentibus</span> <span class='ocrx_word' id='word_1_268' title='bbox 517 2259 698 2308; x_wconf 88' lang='lat' dir='ltr'>procellis</span> <span class='ocrx_word' id='word_1_269' title='bbox 717 2259 825 2296; x_wconf 89' lang='lat' dir='ltr'>fusus</span> <span class='ocrx_word' id='word_1_270' title='bbox 845 2256 1009 2296; x_wconf 86' lang='lat' dir='ltr'>diremit.</span> <span class='ocrx_word' id='word_1_271' title='bbox 1058 2265 1216 2306; x_wconf 87' lang='lat' dir='ltr'>postero</span> <span class='ocrx_word' id='word_1_272' title='bbox 1236 2254 1300 2293; x_wconf 87' lang='lat' dir='ltr'>die</span> <span class='ocrx_word' id='word_1_273' title='bbox 1319 2253 1454 2292; x_wconf 88' lang='lat' dir='ltr'>iterata</span> <span class='ocrx_word' id='word_1_274' title='bbox 1476 2264 1494 2300; x_wconf 93' lang='lat'>7</span> 
     </span>
    </p>
   </div>
  </div>
 </body>
</html>
