1586 2460
611 77 795 113 LIBER
842 77 903 112 VJ.
1395 85 1416 120 3

95 180 281 218 fecerunt.
353 178 525 227 quidam,
574 180 681 227 quod
729 178 917 228 postridie
964 177 1049 214 idus
1097 176 1292 226 Quintiles
1339 188 1419 213 non
1443 191 1486 216 12

96 245 243 284 litasset
280 243 473 293 Sulpicius
512 244 688 282 tribunus
728 243 906 289 militum,
946 258 1072 293 neque
1121 245 1278 281 inventa
1324 242 1440 292 pace!

97 314 214 352 deum
241 319 330 362 post
356 311 459 350 diem
489 311 641 349 tertium
667 310 845 349 obiectus
871 310 973 348 hosti
1003 309 1190 347 exercitus
1218 310 1421 346 Romanus

97 385 210 424 esset,
233 377 350 415 etiam
376 376 566 427 postridie
594 376 679 415 idus
700 378 814 414 rebus
835 376 974 415 divinis
995 374 1238 425 supersederi
1259 374 1419 420 iussum,

65 456 82 482 s
98 441 202 489 inde,
223 448 265 480 ut
293 440 482 491 postridie
509 441 693 479 calendas
721 453 880 489 quoque
906 452 952 478 ac
978 453 1102 477 nonas
1128 439 1266 477 eadem
1287 437 1421 487 religio

96 514 211 552 esset,
239 506 422 544 traditum
453 512 601 554 putant.
1260 506 1263 507 ’

181 571 266 614 Nec
300 569 367 608 diu
399 569 508 607 licuit
538 569 678 619 quietis
707 568 869 606 consilia
897 568 1103 618 erigendae
1133 581 1181 606 ex
1210 575 1287 605 tam
1317 567 1419 616 gravi
1440 566 1467 609 2

100 649 192 674 casu
228 634 284 674 rei
331 634 511 684 publicae
559 647 691 672 secum
740 633 892 683 agitare.
951 633 1041 670 hinc
1090 632 1234 677 Volsci,
1275 638 1422 670 veteres
1443 645 1462 669 2

99 703 243 750 hostes,
274 701 324 739 ad
362 700 685 749 exstinguendum
726 712 872 737 nomen
911 696 1134 736 Romanum
1171 711 1276 735 arma
1314 709 1424 746 cepe-

52 786 84 804 ιο
100 775 211 815 rant;
249 766 340 804 hinc
379 765 556 805 Etruriae
594 764 813 815 principum
854 778 901 803 ex
939 764 1122 802 omnibus
1151 763 1304 812 populis
1334 774 1423 799 con-

101 833 332 871 iurationem
354 831 404 869 de
426 832 529 869 bello
550 831 599 867 ad
621 831 754 868 fanum
774 831 1014 867 Voltumnae
1034 830 1174 866 factam
1191 831 1424 865 mercatores

101 893 325 951 afferebant.
390 898 515 933 noilus
563 908 720 944 quoque
768 902 887 932 terror
928 899 1148 931 ‘accesserat
1195 880 1424 929 defectionis
1444 897 1465 934 3

104 961 329 1003 Latinorum
371 959 726 1008 Hernicorumque,
767 958 832 1008 qui
871 966 958 1008 post
998 970 1170 1006 pugnam
1209 957 1259 994 ad
1297 957 1423 993 lacum

104 1025 298 1076 Regillum
318 1027 462 1079 factam
483 1037 552 1074 per
571 1036 696 1061 annos
716 1035 838 1072 prope
855 1030 1011 1060 centum
1028 1033 1228 1070 nunquam
1245 1019 1426 1069 ambigua

54 1109 85 1133 ιε
105 1092 181 1147 side
205 1089 246 1128 in
271 1083 442 1128 amicitia
454 1088 603 1139 populi
634 1086 805 1126 Romani
834 1088 994 1124 fuerant.
1053 1080 1185 1134 itaque
1213 1097 1301 1123 cum
1330 1083 1426 1121 tanti
1445 1090 1467 1123 4

103 1156 279 1205 undique
303 1163 466 1194 terrores
495 1154 786 1192 circumstarent
815 1159 1096 1201 appareretque
1125 1150 1318 1196 omnibus,
1346 1162 1426 1187 non

105 1220 198 1260 odio
224 1222 364 1259 solum·
378 1220 484 1269 apud
510 1219 652 1264 hostes,
675 1218 744 1256 sed
770 1224 999 1269 contemptu
1019 1216 1141 1255 *etiarn
1172 1215 1272 1253 inter
1300 1213 1427 1253 socios

106 1299 252 1326 nornen
300 1287 527 1324 Romanum
578 1275 764 1328 laborare,
814 1282 972 1332 placuit,
1020 1281 1195 1320 eiusdem
1246 1278 1426 1329 auspiciis
1447 1286 1466 1323 5

105 1352 265 1392 defendi
285 1364 364 1389 rem
386 1351 596 1400 publicam,
618 1349 726 1387 cuius
746 1355 970 1398 recuperata
989 1355 1101 1395 esset,
1119 1346 1428 1394 dictatoremque

56 1436 90 1454 20
105 1416 184 1455 dici
206 1417 261 1454 M.
285 1415 444 1454 Furium
466 1414 688 1454 Camillum.
736 1413 766 1451 is
788 1413 953 1451 dictator
974 1414 1016 1451 C.
1040 1411 1242 1450 Servilium
1263 1410 1428 1448 Ahalam
1449 1407 1471 1442 6

107 1480 333 1531 magistrum
382 1479 557 1529 equitum
606 1479 724 1525 dixit,
778 1477 1003 1526 iustitioque
1050 1476 1198 1514 indicto
1245 1474 1431 1513 dilectum

107 1545 302 1584 iuniorum
340 1543 487 1590 habuit,
523 1542 576 1581 ita
613 1550 655 1580 ut
694 1542 865 1580 seniores
904 1553 1071 1590 quoque,
1103 1541 1244 1589 quibus
1281 1537 1430 1587 aliquid

108 1608 258 1648 roboris
285 1614 513 1658 superesset,
535 1607 574 1644 in
605 1608 723 1645 verba
753 1619 822 1643 sua
853 1606 998 1643 iuratos
1029 1603 1269 1642 centuriaret.
1330 1615 1433 1640 exer·
1453 1608 1472 1646 7

109 1674 230 1712 citum
264 1672 531 1722 conscriptum
565 1679 835 1720 armatumque
869 1669 1051 1708 trifariam
1085 1668 1224 1706 divisit.
1283 1673 1432 1717 partem

59 1756 92 1782 ες
111 1752 230 1778 unam
268 1737 306 1775 in
346 1750 437 1787 agro
475 1736 642 1775 Veiente
682 1735 855 1773 Etruriae
894 1733 1092 1784 opposuit,
1133 1734 1294 1771 alteram
1341 1738 1432 1769 ante

111 1806 247 1843 urbem
275 1811 399 1842 castra
424 1804 553 1841 locare
580 1802 688 1840 iussit
702 1815 713 1849 ;
742 1799 883 1840 tribuni
911 1799 1078 1838 militum
1099 1798 1157 1837 his
1178 1801 1223 1836 A.
1248 1797 1433 1842 Manlius,
1454 1797 1477 1832 ὃ

111 1869 196 1917 illis,
223 1869 290 1920 qui
318 1869 503 1907 adversus
533 1869 718 1906 Etruscos
748 1866 1009 1912 mittebantur,
1039 1866 1081 1902 L.
1113 1863 1303 1902 Aemilius
1331 1873 1435 1912 prae-

113 1933 274 1985 positus.
331 1933 483 1972 tertiam
512 1940 661 1982 partem
690 1932 772 1982 ipse
801 1932 853 1970 ad
872 1931 1040 1969 Volscos
1067 1929 1188 1974 duxit,
1209 1940 1283 1966 nec
1302 1927 1438 1976 procul

113 2011 138 2037 a
165 1997 346 2037 Lanuvio
375 1996 443 2050 (ad
474 1997 650 2035 Mecium
679 1996 710 2034 is
739 1997 848 2034 locus
878 1994 1034 2044 dicitur)
1063 2000 1187 2031 castra
1213 2002 1439 2042 oppugnare

64 2070 173 2110 guest
211 2063 382 2101 adortus.
441 2062 582 2111 quibus
617 2062 666 2100 ab
705 2067 945 2110 contemptu,
976 2059 1082 2108 quod
1121 2069 1241 2107 prope
1280 2066 1438 2093 omnem
1458 2065 1481 2100 9

115 2129 286 2168 deletam
332 2140 356 2165 a
402 2126 525 2165 Gallis
573 2128 794 2164 Romanam
840 2123 1081 2163 iuventutern
1128 2121 1342 2168 crederent,
1389 2120 1441 2158 ad

116 2193 264 2232 bellum
289 2191 474 2242 profectis
499 2198 648 2229 tantum
669 2189 860 2230 Camillus
885 2188 1040 2227 auditus
1060 2187 1268 2236 imperator
1287 2184 1440 2224 terroris

67 2256 70 2260 ⁴
118 2259 312 2305 intulerat,
353 2265 396 2296 ut
442 2258 544 2295 vallo
591 2270 632 2295 se
676 2256 762 2305 ipsi,
802 2257 946 2294 vallum
994 2252 1190 2303 congestis
1238 2251 1441 2290 arboribus
