1586 2460
633 72 819 109 LIBER
868 71 930 108 VJ.
1395 81 1443 118 45

118 182 337 224 potuerant,
359 187 407 212 eo
428 175 563 224 erupit,
586 184 628 212 ut
648 175 837 212 Satricum
861 175 1008 222 urbem,
1031 188 1132 223 quae
1154 176 1445 224 receptaculum

117 238 284 288 primum
323 239 378 276 eis
416 240 602 278 adversae
641 253 794 289 pugnae
831 241 965 286 fuerat,
1008 239 1086 288 igni
1135 247 1442 278 concremarent.

117 316 192 342 nec
219 302 323 342 aliud
363 311 510 342 tectum
550 304 632 342 eius
667 304 854 354 superfuit
890 304 1003 351 urbis,
1038 318 1127 342 cum
1162 306 1265 343 faces
1305 304 1446 354 pariter

117 369 235 407 sacris
273 368 524 419 profanisque
563 369 775 415 inficerent,
807 382 926 419 quam
965 369 1097 406 matris
1138 371 1313 407 Matutae
1353 376 1445 406 tem-

83 434 250 483 splum5
296 432 389 472 inde
436 447 504 472 eos
551 447 625 472 nec
663 447 732 472 sua
769 434 903 484 religio
943 448 1015 472 nec
1054 434 1289 472 verecundia
1325 434 1485 479 deum5

117 497 286 536 arcuisse
332 497 485 545 dicitur,
533 500 604 536 sed
653 511 730 537 vox
778 500 972 537 horrenda
1021 499 1125 537 edita
1170 500 1320 548 templo
1357 512 1446 536 cum

117 563 289 602 tristibus
320 563 446 609 minis,
478 563 517 601 ni
547 565 738 602 nefandos
768 564 876 614 ignes
910 566 1047 612 procul
1079 564 1250 602 delubris
1285 564 1447 603 amovis-

117 636 211 667 sent.
271 627 452 666 incensos
482 641 529 667 ea
560 629 664 667 rabie
695 629 865 679 impetus
897 630 1113 667 Tusculum
1146 629 1232 667 tulit
1259 630 1310 667 ob
1337 628 1443 675 iram,
1467 635 1489 670 6

118 695 226 743 quod
257 694 413 732 deserto
447 694 649 732 communi
682 694 851 732 concilio
889 694 1117 732 Latinorum
1149 707 1228 732 non
1258 694 1297 731 in
1327 694 1447 732 socie-

68 777 101 795 ιο
118 766 238 798 tatem
259 760 380 798 modo
402 761 636 805 Romanam,
659 760 728 797 sed
754 759 871 798 etiam
892 760 932 797 in
952 759 1150 798 civitatem
1172 773 1213 798 se
1234 759 1444 798 dedissent.

117 825 342 874 patentibus
366 825 488 875 portis
515 838 603 863 cum
632 824 846 874 improviso
866 825 1106 872 incidissent,
1130 825 1256 874 primo
1277 827 1447 864 clamore
1469 838 1489 876 7

119 889 311 939 oppidum
349 897 502 940 praeter
538 903 665 928 arcem
706 900 864 940 captum
907 899 975 929 est.
1034 891 1073 928 in
1101 903 1231 929 arcem
1261 889 1448 940 oppidani

119 954 292 1003 refugere
312 967 403 992 cum
431 955 661 1005 coniugibus
688 968 733 992 ac
754 954 894 1002 liberis,
917 954 1153 1004 nuntiosque
1175 956 1358 1001 Romam,
1381 953 1449 1003 qui

119 1018 324 1057 certiorem
364 1019 414 1057 de
453 1032 524 1057 suo
563 1032 656 1057 casu
695 1027 877 1057 senatum
916 1020 1100 1065 facerent,
1137 1018 1285 1057 misere.
1343 1018 1490 1058 haudg

69 1099 102 1124 ις
119 1082 286 1132 segnius,
318 1096 438 1132 quarn
469 1084 546 1122 fide
576 1083 713 1133 populi
747 1083 917 1122 Romani
948 1084 1110 1133 dignum
1142 1083 1225 1129 fuit,
1258 1081 1448 1130 exercitus

119 1149 338 1187 Tusculum
370 1149 513 1187 ductus
529 1163 540 1196 3
581 1151 623 1187 L.
659 1149 868 1197 Quinctius
899 1157 938 1187 et
968 1151 1045 1188 Ser.
1080 1148 1273 1197 Sulpicius
1305 1147 1449 1186 tribuni

125 1209 292 1248 militum
321 1210 475 1249 duxere.
534 1211 685 1248 clausas
711 1218 842 1260 portas
869 1211 1040 1255 Tusculi,
1065 1211 1304 1260 Latinosque
1328 1208 1443 1248 simul
1465 1223 1487 1258 9

124 1273 390 1312 obsidentium
416 1281 533 1323 atque
560 1274 810 1312 obsessorum
839 1272 971 1310 animo
998 1271 1090 1310 hinc
1117 1271 1272 1310 moenia
1292 1272 1454 1310 Tusculi

123 1338 221 1376 tueri
247 1337 392 1384 vident,
414 1337 520 1376 illinc
547 1350 677 1376 arcem
705 1350 945 1387 oppugnare,
969 1344 1109 1374 terrere
1138 1349 1215 1374 una
1234 1349 1280 1374 ac
1299 1349 1451 1386 pavere.

75 1419 108 1438 20
124 1404 318 1441 adventus
347 1404 618 1441 Romanorum
652 1409 870 1440 mutaverat
901 1400 1101 1450 utriusque
1128 1400 1247 1450 partis
1277 1400 1453 1440 animos:
1475 1414 1522 1439 10

123 1469 372 1505 Tusculanos
389 1480 436 1505 ex
455 1466 604 1517 ingenti
619 1474 727 1505 metu
748 1466 786 1503 in
808 1479 1002 1504 summam
1023 1465 1276 1512 alacritatem,
1294 1466 1454 1505 Latinos

124 1545 172 1571 ex
188 1545 312 1582 prope
332 1539 438 1570 certa
456 1530 601 1569 fiducia
621 1544 711 1569 mox
731 1530 950 1580 capiendae
969 1530 1076 1576 arcis,
1095 1529 1282 1579 quoniam
1304 1531 1454 1580 oppido

124 1597 351 1648 potirentur,
378 1596 420 1634 in
451 1596 629 1645 exiguam
657 1597 706 1634 de
734 1609 775 1634 se
806 1595 899 1645 ipsis
931 1608 1042 1645 spem
1073 1603 1248 1634 verterat.
1309 1595 1455 1634 tollitur
1477 1614 1517 1637 11

125 1675 173 1702 ex
198 1675 286 1701 arce
312 1663 458 1700 clamor
483 1663 534 1700 ab
560 1661 794 1699 Tusculanis
808 1675 819 1708 3
849 1660 993 1710 excipit
1020 1660 1223 1710 aliquanto
1252 1660 1376 1698 maior
1404 1662 1455 1699 ab

75 1743 106 1767 25
125 1724 523 1766 exercitu'Romano.
583 1725 766 1775 utrinque
792 1733 977 1775 urgentur
996 1725 1127 1763 Latini
1141 1740 1151 1773 3
1184 1737 1258 1763 nec
1283 1724 1455 1774 impetus

124 1794 437 1832 Tusculanorum
459 1791 748 1830 decurrentium
771 1804 818 1829 ex
839 1790 1037 1840 superiore
1056 1792 1146 1829 loco
1167 1790 1360 1829 sustinent
1380 1804 1455 1829 nec

125 1859 330 1896 Romanos
356 1860 569 1896 subeuntes
596 1856 753 1894 moenia
779 1856 1064 1905 molientesque
1092 1855 1226 1894 obices
1255 1862 1455 1904 portarum

124 1935 254 1960 arcere
292 1928 467 1972 possunt.
526 1921 639 1960 scalis
676 1920 781 1970 prius
819 1919 977 1958 moenia
1014 1927 1141 1969 capta,
1173 1919 1265 1957 inde
1295 1921 1455 1957 effracta
1479 1935 1521 1959 12

125 1989 292 2026 claustra
320 1994 519 2037 portarum
534 2002 542 2033 3
573 1994 611 2024 et
640 1999 729 2024 cum
759 1998 902 2035 anceps
932 1985 1055 2024 hostis
1085 1993 1123 2024 et
1152 1998 1176 2023 a
1203 1987 1332 2024 fronte
1361 1992 1399 2023 et
1433 1998 1456 2023 a

75 2060 234 2102 3otergo
263 2059 426 2102 urgeret,
458 2065 532 2090 nec
559 2052 611 2090 ad
639 2064 811 2101 pugnarn
840 2052 920 2089 ulla
947 2050 1004 2089 vis
1034 2064 1109 2089 nec
1137 2051 1190 2089 ad
1218 2052 1349 2100 fugam
1379 2051 1455 2089 loci

125 2117 337 2168 quicquam
384 2123 613 2166 superesset,
655 2115 696 2154 in
743 2114 875 2155 medio
913 2115 1016 2154 caesi
1054 2117 1105 2153 ad
1143 2128 1265 2153 unum
1305 2128 1453 2153 omnes.

124 2187 354 2230 recuperato
391 2182 441 2219 ab
488 2180 666 2219 hostibus
713 2181 898 2227 Tusculo,
939 2179 1130 2219 exercitus
1178 2181 1350 2217 Romam
1397 2187 1456 2217 est

125 2246 319 2284 reductus.
