1586 2460
100 78 121 111 (ι
690 72 753 108 Ll
763 71 845 107 Vll

184 178 373 217 Camillus
403 177 442 214 in
472 176 607 214 urbem
640 175 886 224 triumphans
915 173 1039 219 rediit,
1062 173 1173 211 trium
1205 173 1318 210 simul
1349 173 1430 211 bel-

61 246 223 282 2lorum
260 242 392 279 victor.
454 242 571 290 longe
611 240 800 290 plurimos
835 238 1010 288 captivos
1049 252 1095 275 ex
1134 237 1306 276 Etruscis
1339 245 1430 275 ante

101 321 252 346 currum
295 306 417 354 duxit,
449 306 592 354 quibus
632 307 704 343 sub
743 306 852 342 hasta
891 303 1124 342 venundatis
1154 311 1303 341 tantum
1335 302 1432 341 aeris

100 373 302 411 redactum
333 378 402 418 est,
425 379 478 417 ut,
502 370 626 420 pretio
653 383 724 419 pro
745 382 839 407 auro
860 358 1048 406 mationis
1068 369 1280 418 persoluto,
1303 381 1351 406 ex
1371 380 1430 413 eo,

59 458 81 493 3
102 437 208 487 quod
228 443 448 485 supererat,
482 443 556 473 tres
585 433 744 484 'paterae
773 429 914 471 aureae
943 421 1068 471 factae
1099 429 1186 478 sint,
1216 445 1314 482 quas
1343 445 1430 470 cum
1449 448 1464 472 ⁵

102 502 214 540 titulo
244 500 413 539 nominis
444 499 599 539 Camilli
630 505 724 537 ante*>
753 497 992 548 Capitolium
1022 496 1227 535 incensum
1256 496 1296 534 in
1327 496 1432 535 Iovis

103 568 200 604 cella
228 572 383 604 constat
412 573 504 603 ante
533 565 656 614 pedes
688 564 852 601 Iunonis
882 562 1027 612 positas
1057 563 1185 601 fuisse.

60 650 83 683 4
186 634 242 669 lio
277 644 382 669 anno
420 630 458 668 in
498 630 693 668 civitatem
733 628 896 678 accepti,
932 628 999 678 qui
1037 628 1261 682 Veientium
1308 630 1434 677 Cape—

104 698 351 745 natiumque
372 708 418 733 ac
457 695 697 734 Faliscorum
737 707 806 743 per
844 707 892 732 ea
930 685 1030 732 bella
1065 695 1350 743 transfugerant
1383 693 1433 731 ad

61 773 80 811 5
104 763 320 808 Romanos,
351 773 519 810 agerque
549 760 607 798 his
637 759 749 800 novis
787 758 938 796 civibus
978 757 1241 807 assignatus.
1265 756 1434 796 revocati
1453 776 1485 793 ιο

103 839 263 875 quoque
289 826 327 863 in
355 822 492 864 urbem
524 832 683 863 senatus
711 824 892 862 consulto
922 837 945 861 a
965 822 1085 869 Veiis,
1107 823 1184 873 qui
1201 821 1435 862 aedificandi

110 893 258 929 Romae
319 889 452 942 'gritia‚
485 888 686 939 occupatis
716 888 768 927 ibi
798 888 931 927 vacuis
971 888 1096 935 tectis,
1125 888 1247 926 Veios
1276 901 1317 926 se
1345 900 1436 926 con-

104 957 283 994 tulerant.
341 958 385 993 et‘
404 954 534 1009 ‘primo
563 955 739 997 fremitus
769 954 839 992 fuit
873 953 1165 1003 aspernantium
1193 946 1409 1003 'imperium
1425 968 1435 1001 3

105 1020 187 1060 dies
217 1020 362 1059 deinde
391 1020 621 1070 praestituta
649 1019 909 1070 capitalisque
939 1029 1081 1069 poena,
1111 1019 1176 1068 qui
1207 1016 1288 1057 non
1326 1018 1436 1058 remi-

103 1093 250 1136 grasset
280 1087 463 1131 R‘omam,
492 1098 540 1123 ex
568 1084 768 1123 ferocibus=
793 1075 987 1122 universis
1011 1083 1196 1134 Singulos,
1227 1090 1335 1122 metu
1363 1095 1437 1122 suo
1458 1101 1487 1127 ις

63 1152 85 1188 6
106 1163 314 1200 quemque,
365 1149 596 1188 obedientes
643 1148 735 1195 fecit
752 1162 761 1194 3
820 1156 857 1187 et
908 1149 1038 1185 Roma
1084 1155 1173 1186 cum
1220 1147 1437 1198 frequentia

105 1228 289 1261 crescere,
309 1222 392 1266 tum
423 1222 506 1252 tota
536 1214 650 1268 sirnul
681 1226 884 1263 exsurgere
915 1212 1115 1259 aedificiis,
1143 1219 1182 1262 et
1209 1226 1250 1251 re
1278 1207 1438 1262 publica

105 1280 300 1329 impensas
320 1267 533 1317 adiuvante
560 1286 598 1316 et
624 1277 816 1316 aedilibus
842 1279 947 1316 velut
968 1278 1170 1327 publicum
1192 1277 1436 1328 exigentibus

107 1358 205 1395 opus
244 1352 281 1383 et
320 1344 413 1394 ipsis
430 1343 599 1393 privatis
630 1335 889 1394 (admonebat
919 1344 1024 1381 enim
1055 1332 1292 1382 desiderium
1327 1336 1436 1392 usus)

105 1410 378 1448 festinantibus
398 1410 449 1448 ad
469 1410 651 1481 effectum
672 1408 826 1460 operis
855 1408 1035 1458 intraque
1055 1421 1204 1446 annum
1224 1421 1327 1446 nova
1346 1409 1438 1446 urbs
1456 1424 1490 1442 20

106 1474 220 1513 stetit.

108 1628 176 1652 B.C.
204 1622 275 1662 388.
322 1622 480 1662 Militmy
500 1621 648 1652 lribuncs
666 1632 722 1652 are
740 1622 857 1659 elsclcd,
882 1622 934 1651 six
956 1621 992 1651 in
1012 1621 1158 1651 number.
1210 1621 1279 1652 One
1294 1631 1392 1662 army
1411 1620 1440 1653 is

192 1676 339 1716 occupied
359 1676 395 1707 in
420 1676 585 1717 rassagiug
602 1677 655 1706 llze
676 1676 772 1706 lanils
794 1675 832 1716 os
843 1676 905 1706 'llze
927 1677 1105 1716 Aequians.
1150 1676 1181 1706 A
1206 1675 1319 1706 second
1336 1679 1441 1707 enters

194 1730 352 1766 Elrurz'a,
370 1731 476 1761 where
490 1731 540 1760 tlte
554 1735 657 1761 towns
675 1731 828 1761 Cortuosa
845 1730 917 1760 and
938 1729 1132 1761 Conlenebra
1148 1741 1205 1761 are
1219 1730 1325 1760 taken.
1371 1730 1442 1761 The

197 1785 326 1825 Capilol
355 1786 381 1815 is
411 1785 636 1825 strcngtlzcned
656 1785 736 1815 ‘ivillt
764 1796 784 1815 a
817 1785 955 1815 massiva
982 1789 1069 1815 stone
1095 1784 1323 1815 subslruction.
1375 1775 1442 1815 The
1457 1795 1488 1819 25

194 1839 336 1869 tribunes
351 1839 536 1881 cqu'latefor
545 1835 819 1870 the‘distributiou
835 1839 873 1880 of
881 1840 933 1870 tlzc
950 1839 1119 1880 Pomptina
1131 1839 1221 1876 land,
1233 1838 1291 1869 but
1305 1838 1440 1869 tvilhout

193 1903 319 1923 success.

68 2002 89 2040 7
192 1994 308 2030 Exitu
329 1992 422 2030 anni
446 1992 605 2031 comitia
631 1993 875 2032 tribunorum
903 1992 1070 2032 militum
1098 1991 1293 2032 consulari
1313 1999 1439 2043 potes-

111 2062 189 2094 tate
215 2056 357 2094 habita.
417 2057 534 2095 creati
561 2059 606 2095 T.
638 2058 846 2106 Quinctius
878 2057 1148 2106 Cincinnatus,
1178 2058 1226 2107 Q.
1256 2057 1439 2097 Servilius

112 2119 282 2158 Fidenas
311 2121 504 2171 quintum,
536 2125 580 2160 L.
610 2123 732 2161 Iulius
763 2125 883 2170 Iulus,
913 2124 956 2161 L.
988 2123 1168 2172 Aquilius
1198 2124 1362 2169 Corvus,
1392 2124 1435 2161 L.
1458 2139 1491 2164 30

69 2190 92 2225 8
113 2184 310 2222 Lucretius
334 2185 598 2235 Tricipitinus,
627 2188 704 2226 Ser.
734 2187 929 2236 Sulpicius
958 2188 1083 2225 Rufus
1111 2186 1320 2226 exercitum
1346 2188 1438 2225 alte-

113 2260 197 2285 rum
219 2248 456 2301 in'Aequos4
479 2264 558 2288 non
585 2252 635 2289 ad
659 2253 805 2290 bellum
835 2251 975 2303 (victos
1000 2265 1170 2300 namque
1195 2251 1237 2290 se
1263 2252 1442 2296 fateban«
