1586 2460
119 78 168 125 38
704 73 771 111 Μ
779 74 866 111 Vss

117 178 377 220 Praenestinis
397 178 475 217 iam
496 177 678 217 intentari
698 191 814 225 arma,
833 177 975 216 civium
992 178 1115 229 magis
1135 192 1252 229 quam
1272 180 1446 219 hostium

117 246 221 291 odio,
245 253 286 283 ut
315 243 355 282 in
384 243 499 281 armis
529 250 656 282 terant
685 243 843 292 plebem
872 255 947 281 nec
974 243 1163 293 respirare
1190 243 1230 282 in
1258 246 1353 284 urbe
1379 253 1446 284 aut

116 323 186 360 per
223 309 345 347 otium
391 308 579 347 libertatis
618 307 845 346 meminisse
883 307 1014 346 sinant
1051 316 1118 347 aut
1155 309 1369 349 consistere
1406 310 1446 348 in

116 374 313 420 contione,
353 372 420 412 ubi
466 373 680 423 aliquando
718 372 882 411 audiant
919 385 1059 412 vocem
1098 372 1348 413 tribuniciam
1394 375 1446 414 de

73 445 96 481 8
117 440 284 477 levando
313 439 445 477 fenore
475 445 513 477 et
542 439 619 476 fine
647 437 809 476 aliarum
834 437 1058 476 iniuriarum
1088 446 1281 489 agentem.
1338 441 1445 489 quod
1464 458 1479 481 5

115 504 147 542 si
172 504 221 542 sit
250 504 402 542 animus
429 504 536 554 plebi
562 516 713 543 memor
739 511 895 553 patrum
922 504 1120 551 libertatis,
1143 517 1184 543 se
1213 517 1287 544 nec
1315 505 1446 544 addici

116 582 353 619 quemquam
383 569 509 607 civem
542 570 770 607 Romanum
804 570 856 607 ob
890 568 1078 608 creditam
1116 568 1323 619 pecuniam
1361 582 1446 620 pas-

115 647 223 672 suros
253 647 382 684 neque
411 634 598 673 dilectum
628 634 774 681 haberi,
805 635 946 680 donec,
976 633 1156 683 inspecto
1189 647 1278 673 aere
1315 635 1446 673 alieno

115 700 288 749 initaque
314 699 462 738 ratione
489 699 693 738 minuendi
721 699 814 745 eius,
837 699 932 738 sciat
958 699 1237 749 unusquisque,
1260 699 1354 750 quid
1374 701 1444 747 sui,

116 767 211 816 quid
249 765 364 805 alieni
394 765 453 811 sit,
475 766 642 815 supersit
670 764 741 803 sibi
771 765 935 803 liberum
965 777 1108 814 corpus
1137 778 1188 802 an
1218 764 1258 803 id
1288 777 1446 815 quoque
1466 786 1497 803 10

73 846 95 883 9
115 844 234 870 nervo
283 832 480 870 debeatur.
541 843 690 869 merces
740 829 941 869 seditionis
989 829 1193 880 proposita
1238 829 1444 869 confestim

115 896 348 936 seditionem
386 895 576 935 excitavit.
635 908 726 933 nam
765 902 804 933 et
842 894 1129 933 addicebantur
1167 894 1292 943 multi,
1323 902 1361 934 et
1394 896 1444 934 ad

117 962 357 1001 Praenestini
394 963 539 1000 famam
577 961 670 999 belli
704 974 826 999 novas
855 961 1031 1010 legiones
1059 960 1287 1000 scribendas
1316 969 1445 1011 patres

114 1035 344 1066 censuerant
359 1040 369 1074 3
403 1039 503 1077 quae
532 1034 696 1076 utraque
727 1025 842 1064 simul
872 1025 1017 1064 auxilio
1048 1025 1255 1064 tribunicio
1286 1033 1325 1065 et
1355 1039 1445 1064 con-

50 1107 95 1131 10
115 1107 230 1132 sensu
268 1092 394 1143 plebis
427 1091 609 1142 impediri
638 1099 803 1141 coepta3
842 1104 934 1128 nam
968 1104 1097 1140 neque
1136 1090 1227 1129 duci
1264 1090 1444 1130 addictos
1464 1111 1494 1136 ¹⁵

113 1157 257 1197 tribuni
295 1157 487 1204 sinebant,
527 1169 657 1206 neque
707 1155 878 1194 iuniores
928 1154 1090 1193 nomina
1137 1155 1296 1194 dabant.
1354 1168 1444 1194 curn

114 1223 287 1273 patribus
326 1224 453 1261 minor
489 1224 530 1261 in
568 1235 752 1273 praesens
790 1234 881 1259 cura
914 1221 1085 1260 creditae
1123 1220 1316 1271 pecuniae
1352 1220 1444 1260 iuris

116 1287 355 1338 exsequendi
393 1300 511 1337 quam
544 1287 710 1326 dilectus
743 1294 843 1325 esset
875 1285 1039 1338 (quippe
1069 1285 1146 1324 iam
1180 1298 1203 1324 a
1234 1287 1445 1325 Praeneste

114 1355 309 1403 profectos
347 1353 481 1391 hostes
512 1351 552 1390 in
587 1364 678 1402 agro
711 1351 869 1390 Gabino
903 1349 1128 1389 consedisse
1162 1349 1443 1401 nuntiabatur),

48 1434 89 1458 11
115 1419 267 1458 interim
300 1418 475 1458 tribunos
506 1418 632 1468 plebis
662 1419 766 1456 fama
799 1430 846 1456 ea
875 1416 960 1466 ipsa
993 1415 1206 1455 irritaverat
1237 1414 1360 1466 magis
1392 1415 1442 1454 ad
1463 1435 1495 1451 ρο

114 1491 337 1534 susceptum
386 1491 587 1522 certamen
634 1495 752 1533 quam
791 1483 1039 1529 deterruerat,
1081 1493 1211 1530 neque
1248 1480 1355 1518 aliud
1392 1480 1444 1518 ad

114 1548 348 1587 seditionem
387 1547 709 1597 exstinguendam
749 1546 788 1585 in
827 1548 924 1585 urbe
961 1559 1081 1596 quarn
1120 1558 1244 1596 prope
1293 1545 1443 1583 illatum

113 1613 319 1653 moenibus
351 1611 444 1663 ipsis
474 1613 622 1651 bellum
653 1612 782 1651 valuit.
1305 1602 1307 1604 ’

37 1739 98 1784 28
123 1748 187 1779 The
210 1747 434 1779 Praenestz'nes
455 1747 595 1788 hearing
621 1746 713 1777 wlmt
734 1744 809 1777 'was
827 1746 932 1787 going
950 1756 1002 1785 on,
1028 1746 1173 1777 advance
1192 1756 1228 1776 as
1246 1744 1314 1787 far
1334 1756 1371 1776 as
1391 1745 1446 1776 the

205 1803 327 1833 Collt'ne
344 1807 426 1843 gale.
480 1802 513 1832 T
509 1801 688 1842 rspidation
711 1802 747 1831 in
768 1800 822 1831 tlte
841 1801 915 1841 city.
971 1801 1008 1831 T.
1029 1799 1202 1839 Quinctius
1227 1799 1446 1831 Cincinnatus
1462 1816 1495 1840 25

200 1858 228 1888 is
243 1857 362 1887 named
374 1857 528 1892 dictator;
554 1855 625 1886 and
637 1855 686 1886 tlze
702 1855 832 1886 citizens
843 1855 920 1896 give
933 1854 969 1885 in
991 1854 1076 1885 their
1093 1864 1205 1886 names
1214 1853 1278 1895 for
1297 1854 1446 1894 military

198 1912 317 1942 service
332 1911 463 1951 readily.
515 1910 582 1941 The
598 1909 904 1950 Praenestinessall
915 1909 990 1940 back
1006 1914 1092 1950 upon
1107 1909 1160 1940 tlte
1175 1908 1269 1940 Alia.

194 2007 297 2044 Nam
337 2018 426 2043 cum
465 2011 567 2043 esset
597 2003 859 2042 Praenestinis
893 2004 1127 2049 nuntiatum,
1158 2003 1309 2041 nullum
1336 2015 1443 2042 exer-

114 2070 234 2108 citum
273 2070 537 2119 conscriptum
577 2071 742 2115 Romae,
783 2069 934 2106 nullum
972 2069 1116 2106 ducem
1154 2074 1304 2106 certum
1342 2079 1440 2115 esse,

75 2146 93 2169 2
115 2142 242 2182 patres
279 2147 325 2172 ac
359 2135 516 2184 plebem
547 2133 587 2171 in
619 2140 742 2171 semet
773 2133 880 2183 ipsos
910 2145 1053 2179 verSOS,
1087 2132 1336 2171 occasionem
1370 2131 1442 2170 rati
1459 2147 1494 2172 30

115 2197 234 2234 duces
255 2209 402 2242 eorum,
422 2196 561 2246 raptim
582 2195 736 2245 agmine
756 2204 857 2242 acto,
878 2194 1108 2246 pervastatis
1127 2194 1307 2244 protinus
1326 2192 1438 2243 agris,

74 2271 94 2305 3
115 2262 165 2297 ad
194 2250 345 2309 portam
376 2261 570 2300 Collinam
601 2261 710 2310 signa
737 2260 914 2299 intulere.
974 2259 1110 2309 ingens
1138 2258 1178 2296 in
1207 2258 1301 2297 urbe
1330 2257 1444 2307 trepi-
