1586 2460
133 85 182 120 34
721 69 879 105 ΜΗ]

134 173 238 217 inde,
279 179 319 208 ut
356 168 566 218 circumagi
606 167 716 217 signa
754 167 984 217 obvertique
1028 168 1152 206 aciem
1197 168 1374 207 viderunt
1418 169 1459 207 in

135 238 299 281 hostem,
331 242 369 272 et
399 234 488 280 dux,
521 241 791 282 praeterquam
823 232 931 280 quod
961 239 1018 270 tot
1048 232 1208 282 insignis
1242 232 1459 283 triumphis,

134 301 251 339 etiam
290 306 417 337 aetate
456 297 688 335 venerabilis
726 296 826 334 inter
860 296 984 345 prima
1017 296 1137 347 signa,
1173 298 1239 336 ubi
1273 297 1461 347 plurimus

136 367 244 403 labor
272 363 566 413 periculumque
596 369 688 408 erat,
721 374 761 399 se
791 362 990 408 offerebat,
1021 361 1222 412 increpare
1251 362 1390 412 singuli
1419 376 1461 402 se

135 430 298 479 quisque
319 437 358 466 et
378 426 486 475 alios,
508 435 546 465 et
566 426 788 464 adhortatio
808 424 848 463 in
865 426 989 464 vicem
1011 434 1133 464 totam
1155 427 1270 465 alacri
1291 428 1460 466 clamore
1480 443 1496 468 s

93 506 115 540 3
137 493 301 544 pervasit
322 493 458 530 aciem.
516 504 644 540 neque
664 493 759 529 alter
784 490 961 529 tribunus
988 490 1042 529 rei
1069 491 1203 539 defuit,
1225 492 1295 530 sed
1322 492 1462 531 missus

135 574 157 598 a
185 560 335 607 collega
364 556 591 596 restituente
620 555 798 605 peditum
823 554 947 593 aciem
975 555 1022 593 ad
1055 555 1217 605 equites,
1243 569 1323 595 non
1351 557 1461 595 casti-

135 625 276 674 gando,
327 623 377 660 ad
423 634 540 671 quam
585 634 666 658 rem
711 619 896 659 leviorem
941 627 1141 658 auctorem
1187 634 1276 659 eurn
1322 622 1462 672 culpae

136 687 301 727 societas
321 688 476 734 fecerat,
499 687 569 724 sed
589 686 638 724 ab
659 684 822 735 imperio
844 692 948 724 totus
969 687 1020 724 ad
1040 698 1177 735 preces
1197 699 1329 725 versus
1353 699 1463 725 orare

136 753 307 803 singulos
328 751 617 800 universosque,
640 758 682 789 ut
702 763 743 789 se
763 763 873 788 reum
894 751 1072 788 fortunae
1093 751 1175 788 eius
1196 750 1274 789 diei
1302 750 1463 789 crimine
1483 770 1516 788 ιο

95 816 373 869 9eximerent:
415 815 661 852 “Abnuente
700 826 746 851 ac
784 812 1019 862 prohibente
1057 814 1219 863 collega,
1255 813 1464 852 temeritati

138 894 200 919 me
232 879 408 918 omnium
441 877 573 928 potius
604 877 754 916 socium
788 890 906 927 quam
941 876 1056 915 unius
1090 877 1323 927 prudentiae
1357 878 1461 917 dedi.

139 945 325 985 Camillus
341 944 381 982 in
397 952 563 993 utraque
578 951 706 982 vestra
725 944 881 982 fortuna
901 956 1010 981 suam
1034 943 1198 993 gloriam
1218 943 1324 982 videt
1336 958 1348 992 3
1376 957 1462 994 eg0‚

138 1011 176 1049 ni
205 1010 417 1050 restituitur
444 1023 585 1060 pugna,
617 1010 726 1059 quod
756 1008 1014 1047 miserrimum
1045 1016 1115 1056 est,
1145 1010 1341 1048 fortunam
1373 1022 1463 1047 cum

76 1095 118 1117 ιο
139 1077 333 1123 omnibus,
355 1076 556 1115 infamiam
585 1077 690 1114 solus
717 1074 918 1113 sentiam.''
978 1075 1172 1124 optimum
1198 1074 1325 1113 visum
1347 1082 1406 1114 est
1423 1074 1464 1113 in
1487 1093 1516 1116 15
1563 1120 1565 1122 ,

139 1144 350 1181 fluctuante
389 1140 471 1180 acie
510 1139 645 1180 tuadi
684 1153 807 1190 equos
847 1146 884 1178 et
915 1139 1087 1189 pedestri
1119 1152 1251 1189 pugna
1282 1138 1464 1178 invadere

139 1208 302 1246 hostem.
363 1209 469 1245 Eunt
497 1206 668 1256 insignes
691 1206 809 1243 armis
835 1204 1064 1254 animisque,
1092 1218 1171 1254 qua
1201 1204 1327 1255 premi
1356 1212 1465 1255 parte

139 1272 306 1311 maxime
341 1272 519 1323 peditum
553 1271 687 1321 copias
721 1270 867 1310 vident.
927 1270 1024 1308 nihil
1052 1283 1181 1320 neque
1209 1270 1317 1320 apud
1345 1271 1466 1310 duces

138 1352 266 1388 neque
299 1339 405 1388 apud
439 1337 581 1376 milites
614 1336 822 1376 remittitur
851 1350 875 1375 a
906 1349 1061 1375 summo
1092 1336 1303 1375 certamine
1333 1335 1462 1378 animi.

75 1417 115 1441 11
139 1402 259 1441 sensit
289 1415 379 1453 ergo
416 1409 578 1440 eventus
612 1401 764 1440 virtutis
798 1400 935 1439 enixae
970 1414 1100 1451 opem,
1137 1408 1176 1439 et
1206 1400 1352 1448 Volsci,
1388 1414 1467 1451 qua
1484 1423 1515 1439 20

139 1469 259 1506 modo
284 1468 465 1506 simulato
495 1475 602 1506 metu
631 1474 838 1513 cesserant,
872 1480 919 1505 ea
949 1466 989 1504 in
1020 1479 1150 1505 veram
1180 1467 1311 1515 fugam
1343 1465 1464 1513 effusi,

139 1546 280 1582 magna
318 1546 406 1583 pars
444 1541 482 1571 et
520 1532 560 1570 in
597 1532 686 1581 ipso
719 1531 932 1570 certamine
964 1538 1002 1570 et
1035 1538 1127 1581 post
1160 1530 1200 1568 in
1230 1531 1321 1581 fuga
1351 1530 1466 1575 caesi,

139 1598 257 1636 ceteri
289 1597 328 1635 in
365 1597 510 1644 castris,
548 1610 649 1646 quae
684 1604 801 1646 capta
831 1597 972 1635 eodem
1005 1596 1155 1646 impetu
1185 1604 1301 1643 sunt3
1337 1597 1466 1646 plures

140 1671 271 1702 tamen
300 1663 404 1713 capti
433 1675 552 1712 quam
583 1662 712 1700 occisi.

62 1796 119 1839 25
140 1801 230 1830 Some
256 1800 287 1829 T
286 1799 440 1829 usculans
470 1798 564 1838 being
586 1797 762 1839 discovered
788 1807 910 1838 amongr
935 1797 987 1828 tlte
1009 1797 1154 1838 captives,
1177 1808 1251 1828 war
1271 1798 1301 1828 is
1329 1798 1473 1829 declat-ed
1488 1813 1520 1836 25

225 1854 356 1893 against
382 1853 571 1883 Tusculum.
621 1852 784 1882 Camillus
809 1852 881 1882 and
899 1852 939 1882 L.
964 1852 1088 1882 Furius
1104 1852 1238 1893 procecd
1255 1852 1389 1892 thither,
1412 1853 1469 1884 but

213 1909 298 1949 find
310 1919 351 1938 no
365 1909 455 1948 signs
471 1907 510 1947 of
519 1907 651 1938 warlike
666 1906 846 1937 intentions
861 1917 902 1937 on
919 1906 971 1937 tlte
977 1911 1060 1948 part
1073 1906 1115 1947 of
1121 1906 1174 1938 tlte
1191 1907 1384 1946 Tusculum,
1397 1907 1469 1938 who

224 1962 423 2002 flersz'stenlly
439 1960 540 2002 refusa
553 1966 584 1992 lo
598 1960 675 2001 qffiv·
689 1961 868 1991 resz'slam'e.
1186 1958 1192 1963 ⁷

223 2057 305 2096 Ubi
351 2057 390 2095 in
437 2056 688 2095 recensendis
735 2055 900 2106 captivis
925 2068 1029 2093 ,cum
1067 2054 1470 2104 Tusculanialiquot

142 2122 435 2169 noscitarentur,
476 2121 613 2161 secreti
659 2123 709 2160 ab
756 2121 840 2160 aliis
887 2122 938 2159 ad
984 2121 1161 2159 tribunos
1208 2120 1466 2166 adducuntur,
1487 2141 1521 2165 30

102 2204 121 2230 2
134 2187 541 2237 *percontantibusque
561 2186 662 2233 fassi,
681 2186 841 2236 publico
861 2185 1026 2225 consilio
1046 2199 1087 2224 se
1107 2185 1305 2224 militasse.
1358 2184 1470 2223 cuius

144 2260 222 2290 tam
250 2251 363 2291 vicini
391 2254 483 2291 belli
511 2260 616 2291 metu
639 2251 826 2291 Camillus
853 2259 984 2290 motus
1011 2252 1209 2300 extemplo
1235 2263 1277 2289 se
1297 2252 1468 2304 Romam
1491 2290 1495 2291 ⁷
