1586 2460
114 90 158 114 22
702 73 859 110 LJVJJ

108 178 268 218 crimine
301 183 459 215 senatus
493 177 727 225 oblataeque
762 176 850 214 vani
886 176 973 214 furti
1008 175 1188 224 invidiae,
1228 183 1434 226 negantem

109 243 265 282 arbitrio
304 241 552 280 inimicorum
587 254 628 280 se
667 243 888 280 locuturum
929 242 967 279 in
1013 241 1140 279 vinela
1178 240 1270 279 duci
1313 240 1432 279 iussit.

68 315 280 358 zai-reptus
318 320 340 345 a
378 306 524 345 viatore
573 306 819 356 “Iuppiter”
866 306 992 356 inquit
1039 306 1222 356 “optime
1267 305 1436 344 maxime

110 376 289 422 Iunoque
334 371 466 421 regina
511 384 557 409 ac
597 370 777 409 Minerva
815 369 1011 419 ceterique
1051 370 1089 408 di
1135 371 1323 420 deaeque,
1370 370 1437 420 qui

110 437 348 488 Capitolium
379 449 588 485 arcemque
619 434 797 480 incolitis,
835 434 956 473 sicine
990 443 1160 473 vestrum
1195 435 1356 474 militem
1391 448 1437 472 ac
1458 453 1470 474 ς

110 502 326 553 praesidem
367 499 489 538 sinitis
528 499 657 537 vexari
700 500 750 536 ab
797 498 988 538 inimicis?
1034 500 1131 538 haec
1176 500 1320 546 dextra,
1362 513 1437 550 qua

110 568 245 606 Gallos
264 565 346 603 fudi
367 579 389 602 a
410 564 582 603 delubris
604 565 750 611 vestris,
773 564 849 602 iam
871 564 910 601 in
931 564 1067 602 vinclis
1088 571 1126 603 et
1147 564 1294 603 eatenis
1315 564 1437 603 erit?'’

71 631 253 683 gnullius
292 642 366 667 nec
404 629 507 667 oculi
546 642 619 667 nec
658 641 769 666 aures
808 627 1080 678 indignitatem
1119 630 1321 677 ferebant3
1369 630 1438 667 sed

110 695 255 734 invicta
295 694 368 733 sibi
413 694 607 744 quaedam
652 692 938 743 patientissima
982 693 1070 732 iusti
1115 694 1265 744 imperii
1303 693 1438 732 civitas

110 764 263 808 fecerat,
287 774 360 799 nec
380 760 564 798 adversus
587 759 831 798 dictatoriam
853 758 931 797 vim
957 767 1024 798 aut
1051 758 1194 798 tribuni
1221 759 1346 809 plebis
1372 768 1440 798 aut
1463 781 1491 797 ιο

69 840 92 873 4
111 827 195 877 ipsa
219 827 330 877 plebs
357 827 534 865 attollere
562 827 697 863 oculos
724 832 790 863 aut
821 825 970 863 hiscere
991 825 1200 863 audebant.
1259 825 1439 864 coniecto

111 892 151 930 in
180 905 375 930 carcerem
407 890 569 937 Manlio,
602 891 694 928 satis
723 898 877 929 constat
912 904 1095 941 magnam
1130 898 1278 940 partem
1313 891 1439 941 plebis

112 965 261 997 vestem
306 964 488 1003 mutasse,
536 957 681 995 multos
728 957 910 994 mortales
958 956 1140 1006 capillum
1188 970 1234 994 ac
1278 957 1440 995 barbam

113 1022 349 1073 promisisse,
381 1023 705 1070 obversatamque
734 1020 929 1059 vestibulo
959 1020 1122 1059 carceris
1149 1028 1337 1059 maestam
1368 1028 1442 1059 tur-

73 1090 215 1136 5bam.
280 1088 448 1125 dictator
478 1087 527 1124 de
557 1085 713 1125 Volscis
743 1085 1006 1135 triumphavit,
1039 1085 1289 1135 invidiaeque
1319 1085 1440 1136 magis
1462 1102 1491 1126 15

114 1153 333 1202 triumphus
365 1165 483 1201 quam
517 1151 664 1201 gloriae
699 1150 796 1198 fuit;
834 1149 980 1200 quippe
1015 1150 1134 1198 domi,
1165 1163 1246 1189 non
1280 1150 1441 1190 militiae

115 1227 266 1269 partum
298 1232 387 1256 eum
418 1226 628 1267 actumque
659 1218 709 1256 de
738 1217 832 1263 cive,
865 1229 945 1255 non
975 1217 1024 1255 de
1053 1217 1167 1255 hoste
1200 1217 1441 1264 fremebant3

115 1296 237 1321 unum
271 1283 440 1321 defuisse
472 1290 623 1320 tantum
663 1281 881 1331 superbiae,
917 1282 1027 1331 quod
1060 1294 1141 1319 non
1177 1282 1231 1319 M.
1271 1281 1442 1320 Manlius

74 1357 96 1392 6
116 1357 205 1388 ante
226 1361 378 1387 currum
401 1348 449 1386 sit
474 1348 623 1386 ductus.
683 1347 841 1396 iamque
867 1347 973 1385 haud
999 1347 1135 1396 procul
1161 1346 1365 1386 seditIOne¹
1381 1359 1442 1385 res

116 1421 196 1452 erat
209 1427 220 1461 3
267 1413 378 1451 cuius
420 1411 627 1451 leniendae
675 1424 802 1457 causa,
850 1412 1074 1460 postulante
1121 1412 1241 1458 nullo,
1287 1411 1444 1461 largitor
1460 1432 1493 1448 20

116 1476 355 1515 voluntarius
382 1482 544 1524 repente
573 1481 732 1513 senatus
761 1475 886 1512 factus
916 1472 1105 1511 Satricum
1135 1473 1332 1512 coloniam
1361 1475 1442 1513 duo

117 1540 236 1578 millia
274 1539 417 1578 civium
450 1541 724 1577 Romanorum
760 1537 901 1577 deduci
937 1537 1055 1575 iussit.
1117 1537 1210 1576 bina
1243 1537 1372 1589 iugera
1405 1546 1444 1577 et

77 1607 296 1657 7semisses
331 1605 409 1654 agri
444 1603 652 1654 assignati,
699 1604 807 1653 quod
841 1616 930 1641 cum
965 1610 1004 1641 et
1037 1615 1199 1652 parvum
1235 1610 1273 1641 et
1310 1604 1443 1653 paucis

117 1672 252 1709 datum
287 1678 325 1708 et
358 1671 581 1709 mercedem
615 1681 700 1707 esse
731 1668 924 1718 prodendi
957 1669 1012 1706 M.
1051 1668 1190 1706 Manlii
1218 1667 1443 1719 interpreta-

75 1741 256 1781 8rentur‚
297 1734 472 1773 remedio
511 1733 678 1771 irritatur
715 1732 866 1771 seditio.
937 1740 974 1770 et
1012 1734 1089 1770 iam
1127 1733 1249 1783 magis
1282 1733 1443 1783 insignis
1463 1753 1493 1777 25

117 1800 297 1838 sordibus
328 1807 365 1838 et
395 1798 494 1837 facie
523 1809 677 1838 reorum
708 1798 823 1836 turba
855 1796 1058 1835 Manliana
1087 1805 1179 1845 erat,
1211 1806 1444 1849 amotusque

118 1872 205 1914 post
234 1865 476 1914 triumphum
510 1862 760 1902 abdicatione
794 1865 1012 1902 dictaturae
1046 1871 1168 1902 terror
1200 1871 1238 1902 et
1271 1864 1444 1915 linguam

118 1937 156 1969 et
184 1930 336 1968 animos
365 1929 595 1967 liberaverat
624 1927 840 1967 hominum.

43 2091 100 2136 17
120 2096 315 2137 li'efflvaclzes
337 2095 456 2125 lncrled
475 2095 605 2134 against
625 2095 678 2126 the
694 2095 803 2135 people
826 2094 927 2135 (Livy
948 2095 1017 2126 does
1041 2100 1097 2126 not
1117 2106 1174 2136 say
1196 2095 1235 2137 by
1255 2095 1373 2135 whom)
1386 2095 1449 2137 for

203 2150 366 2189 deserting
380 2149 465 2180 their
478 2149 676 2189 clmmpimzs.
727 2148 882 2179 Mimlius
904 2149 932 2179 z's
952 2149 1093 2180 rcleased
1109 2149 1147 2190 by
1163 2150 1214 2180 the
1233 2150 1351 2181 Senzzte
1371 2150 1448 2190 only
1464 2161 1497 2185 30

204 2204 239 2233 in
261 2205 337 2234 lime
358 2209 387 2234 lo
405 2207 543 2244 prevent
564 2204 614 2233 his
637 2203 808 2234 liberation
836 2203 873 2243 by
886 2203 987 2244 force.
1033 2203 1267 2234 Ambassadars
1278 2204 1372 2245 from
1395 2204 1448 2235 the

205 2250 400 2293 llei·m'z·‹ms,
414 2258 507 2298 from
535 2259 654 2289 Cirreiz·
673 2259 745 2288 and
773 2259 908 2289 Velitrae
928 2258 1126 2298 demanding
1146 2258 1198 2289 the
1219 2258 1396 2290 surrender
1416 2259 1457 2299 of
