1586 2460
124 87 172 135 36
714 84 866 120 HVJ]

123 187 256 226 onmia
276 184 472 224 constanti
493 185 700 234 tranquilla
719 199 829 235 pace,
851 193 891 223 ut
913 199 960 224 eo
982 186 1044 224 vix
1066 187 1169 224 fama
1189 186 1281 225 belli
1303 187 1452 236 perlata

123 251 246 291 videri
274 259 416 301 posset.

44 375 103 418 26
127 378 290 410 Camillus
311 377 404 408 sends
426 376 479 408 the
509 377 673 407 Tusculan
697 382 803 408 senate
825 381 854 408 lo
877 378 986 413 Rome,
1008 377 1112 409 where
1133 378 1204 418 they
1223 378 1345 410 declare
1366 379 1455 409 their

208 432 381 464 resolution
412 437 442 463 to
465 432 593 462 alutam
614 432 709 474 from
733 443 815 469 war,
840 433 1004 464 whatever
1024 434 1076 464 llte
1098 434 1244 464 Romans
1266 434 1313 465 do.
1370 434 1454 475 They

206 488 315 520 obtain
324 494 428 529 peace,
445 487 516 517 and
527 487 649 527 shortly
664 487 858 528 aflerwards
873 488 992 519 receive
1005 488 1056 519 the
1072 489 1201 519 Roman
1208 489 1391 529 finncln‘se.

202 581 340 619 Victus
388 580 502 630 igitur
548 581 738 631 patientia
785 580 956 620 hostiurn
999 589 1177 620 senatum
1217 594 1351 620 eorum
1389 595 1454 620 vo-

123 646 200 686 cari
234 645 353 685 iussit.
416 646 522 684 “soli
562 646 726 684 adhuc’'
756 645 893 696 inquit,
928 646 1189 694 “Tusculani,
1219 659 1310 685 vera
1346 659 1455 685 arma

122 724 310 761 verasque
357 709 467 758 vires,
518 710 660 761 quibus
706 711 757 749 ab
803 710 858 749 ira
906 713 1179 750 Romanorum
1226 718 1354 750 vestra
1399 718 1455 750 tu-

83 791 101 815 2
124 776 313 823 taremini,
356 775 566 814 invenistis.
627 776 680 814 ite
729 777 901 814 Romam
939 778 989 815 ad
1028 784 1207 814 senatum
1220 791 1231 825 3
1278 775 1455 815 aestima-

123 844 221 882 bunt
246 850 389 893 patres,
410 850 539 880 utrum
567 843 653 892 plus
681 850 772 880 ante
798 855 951 892 poenae
976 855 1027 880 an
1048 855 1152 881 nunc
1171 841 1308 881 veniae
1329 841 1453 880 meriti

123 910 215 948 sitis.
274 921 355 947 non
374 907 612 958 praecipiam
632 907 795 958 gratiam
815 907 963 958 publici
984 907 1163 947 beneficii
1178 922 1187 955 5
1218 907 1454 957 deprecandi

124 982 360 1024 potestatem
399 987 421 1012 a
468 987 530 1012 me
567 972 812 1022 'habueritis3
860 973 1042 1023 precibus
1089 981 1273 1013 eventum
1320 973 1454 1012 vestris

82 1050 102 1086 3
125 1046 293 1085 senatus,
325 1051 442 1088 quem
476 1037 684 1085 videbitur,
716 1037 860 1076 dabit.''
917 1047 1128 1088 postquam
1159 1039 1329 1077 Romam
1359 1039 1456 1076 Tus-

124 1103 250 1142 culani
283 1111 474 1142 venerunt
508 1112 744 1154 senatusque
774 1105 891 1153 paulo
921 1112 1013 1143 ante
1046 1104 1222 1142 fidelium
1259 1103 1456 1142 sociorum

125 1178 294 1207 maestus
323 1169 364 1207 in
392 1168 586 1207 vestibulo
615 1169 745 1208 curiae
775 1178 834 1208 est
862 1177 1112 1220 conspectus,
1134 1170 1231 1208 moti
1260 1171 1456 1220 extemplo

125 1242 253 1284 patres
273 1233 400 1272 vocari
429 1247 496 1272 eos
517 1235 595 1272 iam
616 1242 698 1273 turn
720 1234 965 1285 hospitaliter
984 1234 1106 1285 magis
1127 1248 1244 1284 quam
1265 1234 1458 1273 hostiliter

83 1298 278 1345 4iussere.
337 1299 504 1337 dictator
542 1301 790 1338 Tusculanus
836 1299 891 1338 ita
938 1301 1055 1339 verba
1100 1299 1215 1339 fecit:
1277 1299 1457 1350 “quibus

125 1366 268 1403 bellum
298 1364 492 1403 indixistis
518 1363 792 1415 intulistisque,
822 1374 949 1415 patres
979 1364 1202 1415 conscripti,
1223 1364 1323 1404 sicut
1351 1377 1458 1402 nunc

125 1430 263 1468 videtis
297 1443 369 1468 nos
401 1437 549 1468 stantes
583 1429 622 1468 in
653 1429 848 1468 vestibulo
882 1429 1011 1468 curiae
1044 1437 1205 1476 vestrae,
1235 1433 1292 1468 im
1321 1429 1458 1468 armati

127 1494 326 1545 paratique
355 1495 512 1534 obviam
541 1494 842 1545 imperatoribus
871 1494 1171 1545 legionibusque
1199 1494 1336 1532 vestris
1373 1507 1459 1544 pro-

85 1573 102 1610 5
126 1561 320 1599 cessimus.
389 1562 453 1599 hic
490 1569 634 1608 noster,
683 1561 748 1600 hic
794 1561 921 1612 plebis
968 1568 1125 1600 nostrae
1172 1561 1328 1600 habitus
1373 1561 1458 1608 fuit,

126 1625 273 1676 eritque
303 1639 466 1677 semper,
488 1625 563 1664 nisi
592 1626 623 1664 si
652 1627 812 1676 quando
841 1640 865 1665 a
891 1626 1003 1666 vobis
1031 1639 1184 1676 proque
1211 1626 1324 1665 vobis
1351 1639 1460 1665 arma

125 1691 401 1741 acceperimus.
459 1692 600 1742 gratias
639 1693 790 1743 agimus
829 1699 869 1731 et
906 1693 1072 1730 ducibus
1109 1691 1246 1731 vestris
1285 1698 1324 1730 et
1356 1704 1461 1730 exer-

127 1755 281 1803 citibus,
305 1757 412 1806 quod
439 1757 562 1795 oculis
589 1757 712 1807 magis
733 1770 852 1807 quam
873 1756 1030 1796 auribus
1051 1756 1301 1796 crediderunt
1320 1763 1370 1803 et,
1391 1756 1460 1795 ubi

86 1824 108 1859 6
127 1819 222 1858 nihil
251 1820 392 1859 hostile
422 1829 513 1867 erat,
543 1834 592 1860 ne
621 1821 695 1871 ipsi
724 1821 886 1871 quidem
914 1823 1099 1860 fecerunt.
1158 1834 1309 1871 pacem,
1340 1833 1459 1871 quam

128 1899 199 1924 nos
232 1886 504 1935 praestitimus,
537 1900 624 1925 eam
654 1901 677 1925 a
706 1887 817 1926 vobis
846 1886 1039 1937 petimus3
1069 1887 1216 1925 bellum
1244 1898 1305 1934 eo,
1336 1885 1460 1925 sicubi

128 1958 197 1997 est,
220 1950 400 1989 avertatis
420 1964 649 2001 precamur3
678 1952 719 1989 in
740 1964 813 1990 nos
834 1951 930 2002 quid
949 1965 1057 1990 arma
1076 1951 1251 2001 polleant
1268 1958 1407 1999 vestra,
1429 1950 1461 1989 si

129 2014 316 2064 patiendo
337 2015 621 2064 experiundum
645 2024 712 2064 est,
735 2016 904 2055 inermes
924 2016 1176 2072 experiemur.
1231 2016 1330 2054 haec
1349 2028 1460 2054 mens

90 2089 108 2126 7
129 2088 261 2118 nostra
282 2088 350 2126 est,
372 2080 412 2118 di
431 2080 671 2120 immortales
692 2082 848 2129 faciant,
871 2089 951 2120 tam
972 2082 1075 2129 felix,
1097 2094 1216 2132 quam
1236 2081 1311 2131 pia.
1353 2081 1462 2131 quod

1470 499 1487 524 5
1527 530 1529 532 .

1474 861 1506 878 10

1477 1188 1507 1212 ι5

1478 1839 1510 1865 25

130 2144 179 2181 ad
217 2143 379 2182 crimina
425 2144 576 2193 attinet,
619 2145 761 2195 quibus
807 2146 906 2184 moti
952 2147 1099 2185 bellurn
1145 2144 1351 2191 indixistis,
1390 2145 1462 2183 etsi
1478 2163 1514 2188 30

130 2207 274 2255 revicta
301 2210 416 2246 rebus
445 2209 572 2248 verbis
601 2211 803 2249 confutare
831 2211 927 2248 nihil
955 2210 1105 2256 attinet,
1134 2217 1278 2257 tamen,
1308 2208 1462 2247 etiamsi

130 2283 219 2308 vera
239 2270 326 2316 sint,
347 2272 408 2310 vel
435 2273 544 2311 fateri
564 2273 678 2312 nobis
699 2287 764 2322 ea,
778 2287 867 2312 cum
891 2282 970 2312 tam
996 2273 1196 2313 evidenter
1215 2272 1460 2324 paenituerit,
