1586 2460
610 74 796 110 LIBER
845 75 908 110 Vl.
1372 86 1419 121 29

99 174 374 212 memorabilis.
434 176 623 223 populum
655 173 771 220 brevi,
803 181 1010 222 postquam
1043 172 1259 222 periculum
1288 174 1339 210 ab
1373 185 1420 210 eo
1443 187 1486 223 15

97 239 244 277 nullum
274 247 367 285 erat,
398 252 465 288 per
494 252 534 276 se
564 238 666 287 ipsas
697 239 966 276 recordantem
997 238 1156 276 virtutes
1185 237 1419 276 desiderium

96 303 180 342 eius
201 303 334 342 tenuit.
395 303 618 353 pestilentia
639 303 755 341 etiam
779 302 884 340 brevi
905 310 1129 348 consecuta,
1152 301 1267 339 nullis
1288 314 1419 340 occur-

98 368 270 408 rentibus
292 376 422 408 tantae
443 370 565 407 cladis
586 367 725 415 causis,
746 382 793 406 ex
818 367 1021 405 Manliano
1043 366 1235 416 supplicio
1257 379 1421 416 magnae

61 452 77 476 ⁵
95 431 195 481 parti
224 429 347 470 videri
378 438 484 468 orta:
523 430 709 468 violatum
743 429 981 480 Capitolium
1014 442 1098 467 esse
1130 428 1317 479 sanguine
1349 441 1422 466 ser·
1445 434 1488 469 16

97 495 250 542 vatoris‚
282 508 356 533 nec
385 495 444 533 dis
478 495 585 533 cordi
620 495 747 540 fuisse,
780 507 947 543 poenam
980 494 1062 531 eius
1093 494 1265 531 oblatam
1298 506 1421 542 prope

96 559 219 599 oculis
252 559 343 606 suis,
376 573 399 597 a
432 572 511 608 quo
546 572 615 596 sua
650 560 794 608 templa
825 567 958 607 erepta
988 570 1009 595 e
1039 556 1219 595 manibus
1248 556 1419 596 hostium

96 632 239 664 essent.

97 780 165 804 B.C.
183 773 222 813 38
227 783 254 812 3.
311 772 373 803 The
388 772 508 802 burda:
526 772 564 813 of
561 772 692 813 fom'gn
709 783 782 802 ’ωιτν
797 772 823 802 is
835 772 1035 813 aggravata!
1043 772 1081 812 hy
1097 772 1148 802 lla·
1159 773 1308 812 defection
1323 772 1422 813 osthe
1439 767 1495 810 21

48 838 79 854 ιο
182 827 369 857 Lanuvini.
422 827 444 857 7
447 827 485 856 720
504 831 618 864 scnalc,
639 827 675 856 in
696 827 790 857 order
809 831 839 857 to
859 827 1020 858 conciliate
1040 827 1091 857 tlte
1111 827 1203 867 plebs
1221 827 1292 857 and
1307 828 1422 858 induce

181 880 265 910 tltcm
281 884 312 910 lo
326 884 452 910 consent
467 885 497 910 lo
512 891 582 910 war
599 880 678 910 with
700 880 752 910 tlte
770 881 954 919 Lanuvini,
973 881 1107 921 appoint
1126 881 1378 911 commissionem
1392 885 1422 912 lo

181 934 353 972 attribute
366 934 419 965 the
434 935 602 974 Pomptino
617 934 707 969 land,
724 934 795 964 aud
807 939 837 965 lo
847 934 947 975 plant
961 945 981 964 a
997 935 1105 974 colony
1117 939 1151 964 at
1167 934 1290 974 Nepb‘le.
1330 935 1420 964 Mili-

181 992 256 1028 ίαν]
270 988 450 1028 operariam
464 998 519 1018 are
538 988 670 1027 delayed
683 988 721 1027 oy
735 988 786 1018 tlzc
798 988 978 1028 peslz'lence.
1024 988 1213 1018 Rumoured
1225 988 1374 1026 defi-cnon
1390 988 1430 1028 of

182 1041 360 1072 Praeneste.

47 1159 77 1183 ιε,
178 1140 446 1180 Pestilentiam
475 1141 606 1190 inopia
632 1142 783 1190 frugum
813 1150 851 1180 et
878 1143 1073 1191 vulgatam
1100 1140 1300 1190 utriusque
1328 1141 1419 1179 mali

96 1207 239 1244 samam
284 1219 389 1244 anno
434 1205 666 1255 insequente
717 1205 919 1255 multiplex
969 1206 1113 1243 bellum
1163 1205 1325 1255 excepit,
1374 1207 1418 1243 L.

96 1270 254 1310 Valerio
275 1279 466 1320 quartum,
490 1272 534 1308 A.
567 1270 718 1308 Manlio
749 1270 913 1316 tertium,
944 1271 1019 1308 Ser.
1053 1269 1226 1319 Sulpicio
1253 1269 1419 1317 tertium,

97 1337 140 1376 L.
183 1335 379 1382 Lucretio,
418 1336 460 1372 L.
502 1334 670 1373 Aemilio
709 1333 876 1380 tertium,
920 1335 975 1372 M.
1015 1333 1218 1373 Trebonio
1256 1333 1421 1372 tribunis

97 1400 264 1440 militum
290 1401 485 1439 consulari
512 1407 716 1449 potestate.
777 1401 908 1438 hostes
937 1399 1040 1446 novi,
1070 1409 1222 1449 praeter
1241 1401 1420 1446 Volscos,
1442 1421 1459 1443 2

47 1486 79 1502 20
97 1467 202 1505 velut
222 1474 326 1505 sorte
347 1466 516 1515 quadam
542 1478 664 1515 prope
691 1465 730 1503 in
757 1473 959 1504 aeternum
988 1467 1208 1504 exercendo
1236 1467 1421 1504 Romano

97 1532 207 1571 militi
247 1533 373 1579 datos,
414 1530 668 1580 Circeiosque
713 1538 751 1569 et
790 1530 957 1569 Velitras
1002 1530 1190 1577 colonias,
1231 1530 1308 1568 iam
1354 1529 1421 1568 diu

96 1596 303 1636 molientes
341 1595 615 1642 defectionem,
656 1603 694 1634 et
739 1603 965 1645 suspectum
1012 1594 1181 1640 Latium,
1228 1594 1420 1633 Lanuvini

96 1662 226 1710 etiarn,
248 1675 348 1712 quae
374 1661 599 1700 fidelissima
625 1662 715 1698 urbs
735 1661 869 1706 fuerat,
893 1660 1022 1698 subito
1044 1659 1174 1698 exorti.
1232 1659 1271 1698 id
1293 1667 1419 1709 patres
1440 1673 1460 1709 3

95 1727 167 1766 rati
196 1734 427 1776 contemptu
457 1726 647 1772 accidere,
680 1726 787 1774 quod
816 1724 1025 1763 Veliternis
1053 1724 1203 1762 civibus
1233 1724 1310 1762 suis
1339 1733 1418 1762 tam

45 1805 77 1830 2⁵
96 1792 163 1832 diu
183 1792 376 1843 impunita
403 1791 572 1831 defectio
599 1798 712 1836 esset,
742 1781 1008 1835 decreverunt,
1037 1797 1080 1827 ut
1107 1788 1234 1837 primo
1261 1803 1419 1839 quoque

97 1865 272 1907 tempore
305 1857 357 1895 ad
385 1856 574 1906 populum
604 1855 764 1893 ferretur
791 1854 841 1892 de
871 1854 975 1892 bello
1004 1853 1059 1892 eis
1088 1852 1310 1892 indicendo.
1367 1855 1418 1892 ad
1438 1866 1460 1898 4

95 1933 215 1971 quam
253 1919 431 1959 militiam
469 1933 549 1970 quo
587 1919 757 1969 paratior
801 1919 935 1968 plebes
980 1926 1093 1965 esset,
1141 1918 1419 1968 quinqueviros

97 1984 310 2034 Pomptino
343 1997 435 2034 agro
468 1984 684 2022 dividendo
717 1991 755 2021 et
789 1982 1009 2022 triumviros
1048 1985 1201 2032 Nepete
1240 1983 1418 2022 coloniae

95 2050 353 2088 deducendae
372 2056 611 2087 creaverunt.
670 2056 764 2094 tum,
786 2055 829 2086 ut
849 2049 995 2086 bellum
1015 2048 1204 2095 iuberent,
1226 2049 1348 2086 latum
1367 2050 1417 2088 ad
1436 2055 1457 2094 5

45 2131 79 2156 30
96 2115 285 2164 populum
305 2121 376 2161 est,
405 2120 444 2152 et
469 2113 732 2162 nequicquam
760 2112 1077 2150 dissuadentibus
1103 2112 1267 2151 tribunis
1294 2111 1418 2162 plebis

97 2190 235 2216 omnes
254 2177 376 2216 tribus
396 2178 543 2216 bellum
563 2176 774 2222 iusserunt,
826 2184 1057 2226 apparatum
1078 2189 1126 2215 eo
1146 2189 1252 2215 anno
1274 2177 1418 2216 bellum
1437 2181 1459 2216 6

97 2249 166 2289 est,
208 2241 396 2281 exercitus
434 2250 594 2291 propter
630 2240 893 2290 pestilentiam
933 2253 1013 2279 non
1059 2241 1223 2279 eductus
1235 2256 1246 2290 3
1293 2253 1418 2290 eaque
