1586 2460
599 65 786 128 LJsBER
834 66 897 102 VJ.
1363 80 1380 104 2
1389 78 1408 116 5

86 181 164 219 que
184 168 262 206 iam
283 180 351 218 per
371 180 411 206 se
432 180 620 206 accensos
647 168 832 206 incitabat
861 170 984 218 plebis
1011 172 1174 207 animos.
1235 173 1257 191 ‘⁴
1270 183 1411 220 quous-

86 246 164 284 que
190 234 353 272 tandem
377 233 605 282 ignorabitis
632 233 731 271 vires
752 240 907 281 vestras,
931 247 1027 283 quas
1049 244 1185 272 natura
1206 247 1254 272 ne
1276 236 1410 273 beluas

86 297 247 348 quidem
277 297 454 348 ignorare
480 298 631 336 voluit?
688 305 887 336 numerate
915 299 1065 346 saltem,
1094 306 1190 347 quot
1215 298 1289 348 ipsi
1316 299 1409 346 sitis,

85 370 184 413 quot
219 363 462 402 adversarios
499 362 688 402 habeatis.
747 363 777 402 si
817 363 957 413 singuli
993 364 1163 414 singulos
1197 364 1409 414 aggressuri
1430 370 1452 404 6

53 444 68 468 ⁵
86 427 234 472 essetis,
261 434 393 466 tamen
420 426 547 466 acrius
572 428 770 466 crederem
799 441 867 466 vos
894 441 964 477 pro
992 428 1166 466 libertate
1187 441 1303 477 quam
1325 429 1410 466 illos

92 503 164 541 pro
179 487 447 529 dominatione
463 495 692 536 certatur053
713 497 807 537 quot
824 489 925 526 enim
943 490 1103 529 clientes
1117 492 1218 530 circa
1231 491 1403 541 singulos

87 552 213 592 fuistis
250 561 448 603 patronos,
484 560 541 591 tot
581 566 685 590 nunc
723 553 907 591 adversus
945 566 1065 590 unum
1106 553 1258 591 hostem
1297 553 1411 592 eritis.

88 617 284 657 ostendite
323 618 444 655 modo
484 618 655 666 bellum3
703 630 841 666 pacem
880 617 1084 655 habebitis.
1147 617 1307 656 videant
1344 631 1453 668 vos7

88 691 246 734 paratos
273 684 324 722 ad
352 684 453 729 vim3
484 684 542 721 ius
570 683 642 733 ipsi
670 683 881 722 remittent.
937 683 1162 721 audendum
1191 692 1247 721 est
1267 683 1414 732 aliquid

41 767 72 784 ιο
89 749 287 797 universis,
306 757 373 788 aut
394 749 526 788 omnia
543 749 703 799 singulis
719 749 913 799 patienda.
956 761 1160 798 quousque
1177 763 1238 787 me
1254 751 1413 787 circum
1433 758 1455 793 8

89 815 347 864 spectabitis?
403 827 476 864 ego
502 814 663 864 quidem
692 813 787 852 nulli
814 820 982 852 vestrum
1010 814 1128 851 deero
1143 827 1153 860 ς
1187 826 1235 851 ne
1262 813 1414 851 fortuna

90 891 177 917 mea
203 878 314 925 desit,
343 878 485 917 videte.
546 878 628 928 ipse
656 877 797 915 vindex
826 885 963 923 vester,
995 878 1061 915 ubi
1092 877 1214 915 visum
1249 876 1414 914 inimicis

89 950 158 991 est,
191 944 321 981 nullus
355 951 516 993 repente
548 942 612 989 fui,
646 951 683 980 et
717 942 866 980 vidistis
901 942 941 979 in
971 941 1099 979 vincla
1127 941 1218 980 duci
1247 941 1414 980 universi

89 1021 191 1056 eum,
213 1007 280 1058 qui
307 1021 331 1046 a
356 1007 516 1057 singulis
544 1007 655 1046 vobis
685 1007 810 1045 vincla
837 1007 1075 1057 depuleram.
1135 1007 1229 1056 quid
1250 1019 1411 1056 sperem,
1435 1024 1456 1057 9

40 1093 70 1117 ις
89 1073 121 1111 si
141 1074 228 1124 plus
248 1073 287 1111 in
309 1086 372 1112 me
392 1074 566 1112 audeant
586 1072 762 1110 inimici?
817 1085 867 1110 an
888 1072 1033 1110 exitum
1055 1071 1181 1111 Cassii
1203 1071 1415 1121 Maeliique

89 1140 345 1188 exspectem?
399 1138 502 1177 bene
529 1138 662 1185 facitis,
693 1138 800 1187 quod
826 1136 1118 1176 abominamini.
1178 1136 1217 1174 di
1238 1136 1416 1186 prohibe-

89 1203 188 1242 bunt
207 1203 327 1250 haee,
352 1203 426 1241 sed
447 1215 648 1252 nunquam
669 1209 828 1252 propter
848 1214 910 1240 me
937 1202 985 1240 de
1013 1202 1123 1239 caelo
1150 1201 1416 1248 descendent3

89 1267 202 1306 vobis
247 1269 342 1306 dent
387 1274 561 1306 mentem
605 1274 772 1317 oportet,
816 1274 857 1305 ut
897 1266 1145 1316 prohibeatis,
1186 1265 1284 1304 sicut
1323 1265 1415 1303 mihi

90 1332 282 1371 dederunt
312 1340 462 1372 armato
492 1339 716 1382 togatoque,
754 1340 795 1370 ut
826 1345 892 1370 vos
923 1345 946 1369 a
974 1331 1146 1370 barbaris
1175 1331 1364 1375 hostibus,
1396 1343 1418 1367 a

39 1417 74 1434 20
90 1397 267 1448 superbis
305 1398 559 1437 defenderem
598 1397 754 1435 civibus.
827 1404 905 1435 tam
945 1409 1086 1446 parvus
1130 1395 1282 1433 animus
1320 1395 1416 1432 tanti
1442 1414 1487 1437 10

91 1461 229 1512 populi
249 1469 318 1508 est,
340 1470 382 1501 ut
403 1475 555 1512 semper
574 1462 686 1500 vobis
705 1461 890 1499 auxilium
911 1462 1094 1499 adversus
1121 1459 1299 1497 inimicos
1327 1459 1418 1496 satis

91 1526 151 1574 sit,
177 1539 250 1565 nec
276 1527 410 1573 ullum,
443 1526 516 1565 nisi
546 1534 741 1577 quatenus
771 1526 951 1577 imperari
983 1525 1092 1563 vobis
1123 1524 1270 1570 sinatis,
1299 1531 1419 1562 certa-

92 1603 183 1630 men
202 1591 389 1630 adversus
412 1598 542 1641 patres
562 1590 728 1629 noritis?
777 1603 850 1629 nec
870 1591 945 1628 hoc
968 1597 1102 1628 natura
1123 1589 1279 1626 insitum
1308 1586 1418 1626 vobis

90 1663 160 1704 est,
200 1655 271 1695 sed
314 1668 387 1693 usu
432 1654 699 1705 possidemini.
758 1668 827 1693 cur
864 1654 967 1693 enim
1012 1655 1194 1692 adversus
1240 1659 1418 1690 externos
1443 1667 1484 1692 11

40 1739 71 1763 25
92 1727 245 1760 tantum
273 1720 493 1759 animorum
523 1720 664 1770 geritis,
694 1727 736 1758 ut
766 1711 956 1769 imperare
985 1718 1057 1756 illis
1087 1730 1255 1767 aequum
1286 1729 1417 1755 cense—

55 1830 58 1833 ‚
91 1785 195 1825 atis?
241 1784 333 1835 quia
356 1784 573 1825 consuestis
593 1798 684 1823 curn
705 1784 759 1824 eis
780 1797 851 1835 pro
870 1783 1034 1833 imperio
1055 1781 1213 1828 certare,
1235 1782 1419 1820 adversus

92 1853 165 1890 hos
185 1859 335 1890 tentare
354 1850 476 1901 magis
497 1864 614 1900 quam
636 1849 734 1889 tueri
754 1850 984 1888 libertatem.
1034 1856 1175 1892 tamen,
1195 1847 1420 1896 qualescun-
1444 1859 1487 1883 12

93 1928 171 1966 que
189 1916 312 1954 duces
332 1914 534 1961 habuistis,
557 1916 850 1964 qualescunque
870 1913 944 1963 ipsi
965 1912 1100 1959 fuistis,
1123 1913 1256 1950 omnia
1278 1911 1418 1956 adhuc,

93 1987 399 2030 quantacunque
418 1978 580 2029 petistis,
602 1978 825 2017 obtinuistis
845 1991 913 2016 seu
941 1977 977 2015 vi
1004 1990 1073 2015 seu
1099 1978 1255 2015 fortuna
1281 1982 1418 2013 vestra.

44 2053 251 2096 30tempus
284 2051 343 2083 est
381 2042 534 2097 [et]iam
573 2043 720 2082 maiora
757 2042 898 2081 conari.
961 2039 1186 2091 experimini
1224 2040 1345 2078 modo
1384 2046 1421 2077 et
1445 2056 1489 2092 13

95 2116 263 2149 vestram
301 2107 526 2147 felicitatem
565 2116 603 2146 et
642 2121 715 2155 me,
756 2114 799 2145 ut
837 2119 964 2156 spero,
1000 2105 1163 2144 feliciter
1196 2111 1422 2153 expertum3

96 2173 248 2213 minore
277 2172 449 2224 negotio,
477 2172 545 2223 qui
570 2172 734 2222 imperet
763 2172 937 2221 patribus
964 2169 1171 2219 imponetis
1198 2181 1327 2218 quam,
1355 2167 1421 2216 qui

96 2237 319 2278 resisterent
345 2237 639 2287 imperantibus,
663 2234 910 2285 imposuistis.
969 2235 1054 2273 solo
1083 2233 1313 2283 aequandae
1333 2242 1422 2270 sunt
1447 2246 1493 2280 14
