1586 2460
129 51 179 87 60
546 52 700 89 LlVll
738 53 924 91 LIBER
973 55 1034 92 VI.

127 154 388 193 secessionem
424 156 550 205 plebis
585 170 643 195 res
683 159 952 208 terribilesque
990 161 1084 199 alias
1123 162 1247 201 minas
1285 163 1457 203 civilium

63 235 101 258 rr
126 220 379 258 certaminum
410 220 526 268 venit,
555 236 644 260 cum
672 225 832 262 tandem
860 237 930 274 per
955 225 1187 266 dictatorern
1215 228 1457 268 condicioni-

126 284 197 322 bus
231 285 389 323 sedatae
424 285 643 326 discordiae
677 278 778 334 sunt,
815 302 1127 341 concessumque
1165 293 1216 331 ab
1255 294 1458 334 nobilitate

126 348 231 397 plebi
251 349 301 387 de
321 351 485 389 consule
505 351 673 400 plebeio,
696 365 718 390 a
739 354 855 402 plebe
877 354 1071 394 nobilitati
1093 356 1143 395 de
1164 365 1342 407 praetore
1363 372 1456 407 un0‚

61 427 103 451 12
125 413 191 462 qui
212 413 270 450 ius
291 413 330 450 in
352 416 446 452 urbe
467 415 625 466 diceret,
648 429 696 454 ex
722 417 897 466 patribus
917 421 1101 459 creando.
1162 423 1214 461 ita
1235 425 1284 462 ab
1306 424 1486 466 diutinas

125 477 178 514 ira
205 479 362 516 tandem
391 478 430 516 in
457 480 712 519 concordiam
741 483 909 522 redactis
937 484 1152 533 ordinibus,
1179 501 1269 526 cum
1297 489 1456 540 dignam

124 555 210 580 eam
244 556 323 581 rem
358 551 517 582 senatus
551 554 728 585 censeret
762 561 858 595 esse,
893 549 1112 601 meritoque
1145 551 1197 600 id,
1231 553 1262 592 si
1296 556 1457 604 quando

124 620 295 656 unquam
335 608 441 655 alias,
481 610 600 648 deum
639 611 920 652 immortalium
959 616 1054 663 fore,
1095 624 1138 656 ut
1177 617 1258 656 ludi
1299 620 1456 659 maximi

60 688 102 722 13
124 673 257 710 fierent
279 680 317 710 et
337 673 420 711 dies
449 687 549 712 unus
576 675 628 713 ad
655 676 828 715 triduum
855 677 1099 726 adiiceretur,
1128 683 1396 723 recusantibus
1417 684 1455 724 id

125 750 265 774 munus
292 737 484 782 aedilibus
511 739 650 788 plebis,
673 742 964 781 conclamatum
992 756 1014 781 a
1041 745 1213 794 patriciis
1234 755 1292 786 est
1312 747 1457 788 iuveni—

124 803 207 848 bus,
226 816 266 840 se
287 803 326 840 id
344 803 503 842 honoris
524 805 642 843 deum
659 805 941 858 immortalium
957 822 1076 848 causa
1097 810 1266 851 libenter
1285 814 1457 854 facturos

60 881 104 913 14
123 874 165 905 ut
193 867 340 906 aediles
369 870 516 908 fierent.
574 871 716 920 quibus
745 886 835 911 cum
864 875 915 912 ab
954 874 1142 914 universis
1171 878 1318 928 gratiae
1345 887 1456 919 actae

123 940 264 979 essent,
294 934 437 971 factum
467 942 625 973 senatus
657 938 893 985 consultum,
924 947 966 977 ut
994 940 1074 979 duo
1100 941 1202 981 viros
1231 944 1378 983 aediles
1409 959 1456 984 ex

124 996 296 1046 patribus
316 998 485 1037 dictator
510 1002 701 1050 populum
728 1011 890 1053 rogaret,
913 1013 1042 1054 patres
1068 1014 1246 1046 auctores
1273 1009 1454 1049 omnibus

123 1060 205 1099 eius
224 1062 316 1100 anni
337 1063 506 1102 comitiis
527 1066 675 1104 fierent.

461 1342 755 1381 PERIOCHA
795 1345 948 1381 LIBRI
989 1346 1058 1383 VI.

190 1458 254 1488 Res
285 1457 439 1488 adversus
465 1459 603 1490 Volscos
630 1464 661 1490 et
689 1460 823 1501 Aequos
853 1466 886 1492 et
918 1463 1144 1495 Praenestinos
1170 1475 1324 1506 prospere
1349 1470 1456 1506 gestas

123 1512 278 1541 continet.
324 1516 478 1552 quattuor
503 1512 603 1542 tribus
627 1513 790 1544 adiectae:
824 1514 1007 1552 Stellatina,
1034 1517 1258 1556 Tromentina,
1288 1519 1454 1557 Sabatina,

124 1564 304 1595 Arniensis.
366 1565 412 1596 M.
450 1566 606 1602 Manlius,
638 1568 692 1607 qui
729 1568 930 1608 Capitolium
963 1581 982 1600 a
1013 1570 1119 1601 Gallis
1151 1571 1350 1609 defenderat,
1381 1584 1454 1605 cum

122 1619 294 1649 obstrictos
310 1629 384 1649 aere
405 1619 513 1650 alieno
530 1621 691 1659 liberaret,
712 1632 812 1653 nexos
834 1624 1023 1662 exsolveret,
1045 1625 1179 1656 crimine
1201 1626 1342 1658 affectati
1365 1629 1454 1668 regni

121 1671 294 1702 damnatus
310 1672 350 1702 de
367 1683 444 1704 saxo
460 1673 604 1705 deiectus
617 1679 682 1712 est;
704 1676 736 1705 in
753 1676 843 1707 cuius
860 1682 971 1708 notam
988 1684 1120 1709 senatus
1135 1679 1318 1711 consultum
1334 1681 1453 1713 facturn

122 1730 178 1761 est,
213 1735 253 1755 ne
283 1725 335 1756 cui
366 1726 407 1756 de
439 1726 565 1758 Manlia
595 1733 692 1768 gente
725 1729 838 1759 Marco
869 1740 989 1761 nomen
1020 1736 1113 1763 esset.
1174 1732 1212 1763 C.
1245 1732 1390 1765 Licinius
1422 1740 1455 1767 et

124 1778 159 1807 L.
186 1778 314 1809 Sextius
341 1779 461 1810 tribuni
485 1780 591 1820 plebis
614 1782 720 1822 legem
743 1784 1040 1824 promulgaverunt,
1068 1790 1102 1815 ut
1125 1786 1273 1817 consules
1295 1797 1334 1818 ex
1356 1788 1453 1829 plebe

122 1831 245 1868 tierent,
271 1832 326 1872 qui
353 1843 393 1863 ex
420 1834 566 1874 patribus
590 1837 802 1871 ‘creabantur3
834 1847 972 1878 eamque
999 1848 1072 1869 cum
1099 1848 1218 1879 magna
1244 1842 1452 1874 contentione

121 1885 374 1924 repugnantibus
391 1886 548 1926 patribus,
566 1898 639 1917 cum
656 1888 754 1919 iidem
772 1889 892 1920 tribuni
909 1890 1014 1931 plebis
1035 1901 1093 1932 per
1112 1891 1371 1933 quinquennium
1391 1897 1451 1927 soli

122 1939 325 1979 magistratus
347 1939 490 1977 fuissent,
511 1942 727 1981 pe1·tulerunt;
753 1948 783 1973 et
805 1943 928 1983 primus
950 1954 988 1974 ex
1010 1944 1106 1985 plebe
1130 1946 1242 1977 consul
1263 1946 1300 1978 L.
1323 1947 1451 1980 Sextius

119 1998 243 2023 creatus
259 1999 316 2024 est.
363 1995 428 2024 lata
450 2001 497 2025 est
515 2001 545 2025 et
567 1996 667 2026 altera
692 1997 750 2034 lex,
772 2007 813 2027 ne
834 1997 885 2027 cui
907 1997 980 2038 plus
997 1999 1182 2039 quingentis
1198 1999 1361 2041 iugeribus
1382 2003 1449 2043 agri

119 2046 227 2077 liceret
243 2049 419 2087 possidere.

1478 771 1509 788 10

1475 1094 1505 1118 ¹5
