1586 2460
125 67 175 110 48
714 65 779 102 Ll
788 65 871 101 Vll

125 180 221 214 rum,
245 180 293 205 ne
314 166 399 216 quis
427 167 513 215 plus
541 166 754 216 quingenta
774 166 906 215 iugera
932 166 1010 215 agri
1033 166 1261 215 possideret,
1287 166 1453 213 tertiam,

126 245 174 270 ne
197 231 438 269 tribunorum
461 230 625 268 militum
656 230 817 269 comitia
844 232 989 276 fierent,
1013 232 1299 280 consulumque
1319 230 1456 280 utique

125 298 221 335 alter
258 310 305 335 ex
351 297 466 346 plebe
505 305 715 342 crearetur5
762 304 906 333 cuncta
943 294 1118 344 ingentia
1155 304 1194 334 et
1233 309 1334 346 quae
1372 295 1456 334 sine

83 365 105 402 6
125 361 335 399 certamine
370 360 542 398 maximo
576 360 744 399 obtineri
776 373 856 398 non
897 368 1071 409 possent.
1130 359 1306 398 omnium
1340 360 1457 411 igitur

125 427 237 464 simul
265 439 403 473 rerum,
433 439 599 475 quarum
627 425 842 463 immodica
869 423 1016 474 cupido
1044 424 1145 463 inter
1174 426 1356 464 mortales
1384 434 1454 473 est,
1474 444 1489 468 ⁵

124 490 216 541 agri,
255 490 460 540 pecuniae,
495 491 701 535 honorum,
743 489 969 528 discrimine
1007 489 1222 539 proposito,
1257 490 1456 529 conterriti

125 565 251 605 patres
279 569 367 593 cum
397 555 658 604 trepidassent
684 554 853 604 publicis
881 554 1120 604 privatisque
1140 555 1325 601 consiliis,
1347 556 1456 594 nullo

123 620 297 660 remedio
318 620 394 658 alio
415 628 567 670 praeter
587 629 786 670 expertam
808 620 940 658 multis
967 620 1045 658 iam
1065 627 1158 658 ante
1178 620 1456 659 certaminibus

124 687 443 725 intercessionem
471 686 643 733 invento,
672 688 843 736 collegas
875 687 1060 725 adversus
1092 686 1318 725 tribunicias
1347 699 1455 737 roga-

83 770 101 807 7
125 751 251 790 tiones
272 759 610 800 comparaverunt.
667 750 734 800 qui
760 751 826 789 ubi
851 750 973 789 tribus
998 752 1049 790 ad
1070 751 1293 802 suffragium
1318 750 1453 790 ineun-
1475 773 1507 790 ιο

123 817 218 854 dum
256 816 365 854 citari
404 830 427 854 a
466 815 618 855 Licinio
657 816 870 866 Sextioque
904 816 1096 863 viderunt,
1133 815 1264 867 stipati
1301 825 1455 867 patrum

123 881 324 932 praesidiis
358 895 432 920 nec
467 882 616 921 recitari
650 882 873 932 rogationes
911 896 985 922 nec
1019 884 1209 921 sollemne
1244 882 1454 933 quicquam

81 952 104 987 8
123 947 227 985 aliud
254 949 304 986 ad
332 947 581 985 sciscendum
610 948 717 998 plebi
745 948 826 986 fieri
855 948 960 998 passi
981 955 1080 986 sunt.
1140 947 1298 996 iamque
1317 948 1455 986 frustra

123 1025 240 1061 saepe
282 1012 451 1050 concilio
496 1013 702 1060 advocato,
744 1026 832 1050 cum
873 1025 943 1061 pro
981 1011 1194 1061 antiquatis
1232 1011 1456 1062 rogationes

123 1085 264 1123 essent,
306 1080 439 1116 “bene
487 1078 633 1116 habeff'
671 1077 798 1127 inquit
837 1077 1016 1125 Sextiu53
1057 1078 1247 1126 “quando
1294 1077 1454 1127 quidem
1475 1101 1505 1125 ις

123 1149 274 1179 tantum
302 1141 625 1181 intercessionem
652 1144 801 1193 pollere
828 1144 967 1192 placet,
996 1142 1071 1181 isto
1097 1143 1184 1192 ipso
1211 1143 1290 1181 telo
1318 1143 1456 1181 tutabi-

81 1223 103 1260 9
124 1220 209 1244 mur
237 1209 405 1256 plebem.
464 1208 567 1258 agite
594 1209 701 1255 dum,
731 1207 892 1246 comitia
921 1207 1093 1254 indicite,
1123 1215 1264 1257 patres,
1293 1207 1455 1247 tribunis

125 1271 289 1310 militum
319 1269 520 1313 creandis:
551 1271 650 1316 faxo,
689 1283 738 1307 ne
766 1270 869 1307 iuvet
898 1283 973 1307 vox
1000 1270 1072 1307 ista
1095 1269 1230 1316 ‘veto,'
1251 1282 1328 1319 qua
1347 1281 1450 1307 nunc

59 1348 105 1373 10
124 1335 379 1373 concinentes
421 1336 592 1385 collegas
636 1343 792 1373 nostros
836 1341 916 1371 tam
962 1332 1053 1372 laeti
1098 1332 1275 1371 auditis.''
1349 1333 1456 1372 haud

125 1400 251 1439 irritae
280 1401 457 1439 cecidere
490 1400 620 1438 minae
629 1415 639 1448 3
679 1399 849 1445 comitia,
882 1406 1034 1448 praeter
1067 1399 1253 1438 aedilium
1286 1398 1508 1437 tribuno-20

123 1479 287 1515 rumque
316 1465 434 1515 plebi,
466 1466 573 1503 nulla
602 1472 689 1502 sunt
720 1464 861 1503 habita.

124 1592 277 1622 Lisimm
292 1592 364 1622 ancl
377 1591 508 1622 Sextius
523 1601 578 1621 are
590 1590 890 1632 re-electedforstvc
897 1601 994 1630 years
1005 1591 1040 1620 in
1056 1590 1240 1621 successim.
1282 1590 1339 1620 An
1351 1589 1458 1620 attach

208 1647 307 1687 osllze
330 1647 548 1677 Velzlct·m'ans
563 1657 604 1677 on
629 1647 660 1676 T
656 1646 806 1676 asculum
813 1646 921 1686 shrccs
937 1645 990 1676 the
1005 1645 1152 1675 tribunes
1163 1649 1194 1675 ta
1206 1645 1282 1685 give
1293 1655 1376 1684 way,
1389 1644 1460 1674 and

210 1702 358 1741 militmy
373 1702 519 1732 tribunes
534 1712 590 1732 are
603 1699 778 1741 electssclscs
795 1708 858 1730 B.C.
878 1710 951 1740 370.

206 1785 378 1824 Licinius
405 1786 637 1835 Sextiusque
664 1784 810 1823 tribuni
838 1784 961 1833 plebis
989 1783 1123 1822 refecti
1150 1784 1278 1822 nullos
1305 1785 1456 1823 curules
1476 1805 1508 1827 25

125 1851 373 1899 magistratus
395 1850 513 1888 creari
540 1838 643 1899 passi
672 1857 773 1897 sunt,
798 1861 922 1898 eaque
950 1848 1122 1887 solitudo
1147 1848 1456 1899 magistratuum,

126 1923 163 1953 et
184 1917 299 1965 plebe
327 1915 525 1954 reficiente
553 1916 653 1953 duos
680 1914 858 1953 tribunos
886 1922 924 1952 et
950 1914 996 1952 iis
1022 1913 1187 1962 comitia
1211 1914 1457 1952 tribunorum

129 1982 291 2019 militum
309 1982 549 2028 tollentibus,
571 1995 639 2031 per
658 1981 974 2030 quinquennium
995 1980 1131 2019 urbem
1153 1979 1287 2018 tenuit.
1307 1982 1311 1984 ’

49 2052 108 2095 36
167 2051 171 2054 ’
207 2046 295 2084 Alia
311 2048 412 2085 bella
428 2054 651 2096 opportune
667 2046 849 2096 quievere
858 2060 869 2094 3
894 2044 1083 2083 Veliterni
1096 2044 1228 2082 coloni
1246 2044 1458 2094 gestientes
1488 2096 1490 2099 Ι

128 2111 220 2158 otio,
243 2113 350 2161 quod
370 2113 498 2150 nullus
519 2111 709 2149 exercitus
732 2114 938 2150 Romanus
965 2118 1078 2157 esset,
1100 2117 1139 2149 et
1158 2123 1292 2161 agrum
1314 2112 1457 2149 Roma·
1476 2131 1511 2155 30

129 2189 220 2213 num
249 2177 454 2226 aliquoties
482 2179 728 2216 incursavere
757 2186 796 2216 et
825 2179 1043 2216 Tusculum
1073 2190 1302 2227 oppugnare
1330 2175 1457 2215 adorti

88 2257 104 2280 2
128 2250 216 2278 sunt
225 2255 234 2287 3
257 2254 389 2291 ‘eaque
417 2257 488 2289 res,
519 2244 755 2282 Tusculanis
783 2244 977 2282 veteribus
1009 2243 1136 2289 sociis,
1165 2243 1276 2281 novis
1307 2241 1474 2280 civibus,
