<?xml version="1.0" encoding="UTF-8"?>
<!DOCTYPE html PUBLIC "-//W3C//DTD XHTML 1.0 Transitional//EN"
    "http://www.w3.org/TR/xhtml1/DTD/xhtml1-transitional.dtd">
<html xmlns="http://www.w3.org/1999/xhtml" xml:lang="en" lang="en">
 <head>
  <title>
</title>
<meta http-equiv="Content-Type" content="text/html;charset=utf-8" />
  <meta name='ocr-system' content='tesseract 3.04.00' />
  <meta name='ocr-capabilities' content='ocr_page ocr_carea ocr_par ocr_line ocrx_word'/>
</head>
<body>
  <div class='ocr_page' id='page_1' title='image "./bookvilivy00livyuoft/bookvilivy00livyuoft_0101.png"; bbox 0 0 1586 2460; ppageno 0'>
   <div class='ocr_carea' id='block_1_1' title="bbox 639 75 1453 125">
    <p class='ocr_par' dir='ltr' id='par_1_1' title="bbox 639 75 1453 125">
     <span class='ocr_line' id='line_1_1' title="bbox 639 75 1453 125; baseline -0.002 -12"><span class='ocrx_word' id='word_1_1' title='bbox 639 75 827 113; x_wconf 82' lang='lat' dir='ltr'><em>LIBER</em></span> <span class='ocrx_word' id='word_1_2' title='bbox 876 75 938 113; x_wconf 57' lang='grc' dir='ltr'>νζ</span> <span class='ocrx_word' id='word_1_3' title='bbox 1334 108 1337 111; x_wconf 87' lang='grc'><em>,</em></span> <span class='ocrx_word' id='word_1_4' title='bbox 1404 87 1453 125; x_wconf 87' lang='lat'>59</span> 
     </span>
    </p>
   </div>
   <div class='ocr_carea' id='block_1_2' title="bbox 90 255 1456 512">
    <p class='ocr_par' dir='ltr' id='par_1_2' title="bbox 126 255 1456 462">
     <span class='ocr_line' id='line_1_2' title="bbox 126 255 1450 298; baseline -0.001 -11"><span class='ocrx_word' id='word_1_5' title='bbox 126 264 153 288; x_wconf 89' lang='grc' dir='ltr'>Β.</span> <span class='ocrx_word' id='word_1_6' title='bbox 163 263 192 287; x_wconf 90' lang='lat' dir='ltr'>C.</span> <span class='ocrx_word' id='word_1_7' title='bbox 222 255 294 297; x_wconf 82' lang='lat'>367.</span> <span class='ocrx_word' id='word_1_8' title='bbox 345 256 396 288; x_wconf 82' lang='lat' dir='ltr'>On</span> <span class='ocrx_word' id='word_1_9' title='bbox 420 267 506 288; x_wconf 74' lang='lat' dir='ltr'>news</span> <span class='ocrx_word' id='word_1_10' title='bbox 528 257 568 298; x_wconf 86' lang='lat' dir='ltr'>of</span> <span class='ocrx_word' id='word_1_11' title='bbox 588 268 608 288; x_wconf 89' lang='lat' dir='ltr'>a</span> <span class='ocrx_word' id='word_1_12' title='bbox 636 258 741 289; x_wconf 71' lang='lat' dir='ltr'>Gallie</span> <span class='ocrx_word' id='word_1_13' title='bbox 763 268 836 288; x_wconf 81' lang='lat' dir='ltr'>war</span> <span class='ocrx_word' id='word_1_14' title='bbox 861 257 1021 288; x_wconf 76' lang='lat' dir='ltr'><em>Camillus</em></span> <span class='ocrx_word' id='word_1_15' title='bbox 1050 258 1076 287; x_wconf 80' lang='lat' dir='ltr'>is</span> <span class='ocrx_word' id='word_1_16' title='bbox 1107 256 1281 298; x_wconf 71' lang='lat' dir='ltr'><em>appointed</em></span> <span class='ocrx_word' id='word_1_17' title='bbox 1307 256 1450 287; x_wconf 82' lang='lat' dir='ltr'>diclalor.</span> 
     </span>
     <span class='ocr_line' id='line_1_3' title="bbox 211 311 1453 352; baseline -0.001 -11"><span class='ocrx_word' id='word_1_18' title='bbox 211 311 308 352; x_wconf 78' lang='lat' dir='ltr'>After</span> <span class='ocrx_word' id='word_1_19' title='bbox 320 311 373 342; x_wconf 76' lang='lat' dir='ltr'>tlte</span> <span class='ocrx_word' id='word_1_20' title='bbox 391 311 493 342; x_wconf 84' lang='lat' dir='ltr'><em>Gauls</em></span> <span class='ocrx_word' id='word_1_21' title='bbox 507 322 563 342; x_wconf 83' lang='lat' dir='ltr'>are</span> <span class='ocrx_word' id='word_1_22' title='bbox 578 311 728 352; x_wconf 64' lang='lat' dir='ltr'>defeated,</span> <span class='ocrx_word' id='word_1_23' title='bbox 746 312 797 343; x_wconf 76' lang='lat' dir='ltr'>tlte</span> <span class='ocrx_word' id='word_1_24' title='bbox 810 312 951 352; x_wconf 75' lang='lat' dir='ltr'><em>struggle</em></span> <span class='ocrx_word' id='word_1_25' title='bbox 965 322 1037 343; x_wconf 73' lang='lat' dir='ltr'>over</span> <span class='ocrx_word' id='word_1_26' title='bbox 1051 311 1104 342; x_wconf 77' lang='lat' dir='ltr'>the</span> <span class='ocrx_word' id='word_1_27' title='bbox 1117 312 1275 342; x_wconf 82' lang='lat' dir='ltr'>Lz&#39;cinz&#39;an</span> <span class='ocrx_word' id='word_1_28' title='bbox 1292 311 1453 352; x_wconf 79' lang='lat' dir='ltr'>rogations</span> 
     </span>
     <span class='ocr_line' id='line_1_4' title="bbox 210 364 1456 406; baseline -0.001 -10"><span class='ocrx_word' id='word_1_29' title='bbox 210 365 240 396; x_wconf 86' lang='lat' dir='ltr'>is</span> <span class='ocrx_word' id='word_1_30' title='bbox 259 366 410 404; x_wconf 82' lang='lat' dir='ltr'>renewed,</span> <span class='ocrx_word' id='word_1_31' title='bbox 433 366 504 396; x_wconf 80' lang='lat' dir='ltr'>and</span> <span class='ocrx_word' id='word_1_32' title='bbox 521 366 598 396; x_wconf 76' lang='lat' dir='ltr'>ends</span> <span class='ocrx_word' id='word_1_33' title='bbox 619 367 655 397; x_wconf 81' lang='lat' dir='ltr'>in</span> <span class='ocrx_word' id='word_1_34' title='bbox 677 367 762 397; x_wconf 80' lang='lat' dir='ltr'>tlzeir</span> <span class='ocrx_word' id='word_1_35' title='bbox 782 367 941 406; x_wconf 76' lang='lat' dir='ltr'>becoming</span> <span class='ocrx_word' id='word_1_36' title='bbox 959 367 1032 396; x_wconf 77' lang='lat' dir='ltr'>law.</span> <span class='ocrx_word' id='word_1_37' title='bbox 1082 366 1121 397; x_wconf 82' lang='lat' dir='ltr'>L.</span> <span class='ocrx_word' id='word_1_38' title='bbox 1148 366 1277 397; x_wconf 70' lang='lat' dir='ltr'>Sextius</span> <span class='ocrx_word' id='word_1_39' title='bbox 1299 366 1328 396; x_wconf 85' lang='lat' dir='ltr'>is</span> <span class='ocrx_word' id='word_1_40' title='bbox 1347 364 1456 396; x_wconf 79' lang='lat' dir='ltr'><em>elected</em></span> 
     </span>
     <span class='ocr_line' id='line_1_5' title="bbox 198 419 1452 462; baseline 0 -12"><span class='ocrx_word' id='word_1_41' title='bbox 198 419 282 461; x_wconf 87' lang='lat' dir='ltr'>first</span> <span class='ocrx_word' id='word_1_42' title='bbox 303 419 451 460; x_wconf 83' lang='lat' dir='ltr'>plebeian</span> <span class='ocrx_word' id='word_1_43' title='bbox 474 420 594 451; x_wconf 86' lang='lat' dir='ltr'>consul.</span> <span class='ocrx_word' id='word_1_44' title='bbox 650 420 682 450; x_wconf 89' lang='lat' dir='ltr'><em>T</em></span> <span class='ocrx_word' id='word_1_45' title='bbox 677 420 716 451; x_wconf 72' lang='lat' dir='ltr'>lte</span> <span class='ocrx_word' id='word_1_46' title='bbox 738 421 952 461; x_wconf 61' lang='lat' dir='ltr'>praclorslztp,</span> <span class='ocrx_word' id='word_1_47' title='bbox 979 421 1127 462; x_wconf 63' lang='lat' dir='ltr'>cotgfim’d</span> <span class='ocrx_word' id='word_1_48' title='bbox 1147 426 1177 451; x_wconf 84' lang='lat' dir='ltr'>to</span> <span class='ocrx_word' id='word_1_49' title='bbox 1202 421 1394 461; x_wconf 74' lang='lat' dir='ltr'>patriciam,</span> <span class='ocrx_word' id='word_1_50' title='bbox 1423 419 1452 450; x_wconf 78' lang='lat' dir='ltr'>is</span> 
     </span>
    </p>

    <p class='ocr_par' dir='ltr' id='par_1_3' title="bbox 90 473 390 512">
     <span class='ocr_line' id='line_1_6' title="bbox 90 473 390 512; baseline -0.003 -8"><span class='ocrx_word' id='word_1_51' title='bbox 90 487 106 512; x_wconf 85' lang='lat'>⁵</span> <span class='ocrx_word' id='word_1_52' title='bbox 210 473 390 505; x_wconf 68' lang='lat' dir='ltr'>inslimted.</span> 
     </span>
    </p>
   </div>
   <div class='ocr_carea' id='block_1_3' title="bbox 65 571 1512 2305">
    <p class='ocr_par' dir='ltr' id='par_1_4' title="bbox 123 571 1447 683">
     <span class='ocr_line' id='line_1_7' title="bbox 204 571 1447 622; baseline -0.002 -12"><span class='ocrx_word' id='word_1_53' title='bbox 204 571 334 610; x_wconf 90' lang='lat' dir='ltr'>Creati</span> <span class='ocrx_word' id='word_1_54' title='bbox 361 573 405 608; x_wconf 92' lang='lat' dir='ltr'>A.</span> <span class='ocrx_word' id='word_1_55' title='bbox 435 579 474 609; x_wconf 88' lang='lat' dir='ltr'>et</span> <span class='ocrx_word' id='word_1_56' title='bbox 497 573 551 609; x_wconf 87' lang='lat' dir='ltr'>M.</span> <span class='ocrx_word' id='word_1_57' title='bbox 576 571 748 610; x_wconf 86' lang='lat' dir='ltr'>Cornelii</span> <span class='ocrx_word' id='word_1_58' title='bbox 776 571 926 618; x_wconf 86' lang='lat' dir='ltr'>iterum,</span> <span class='ocrx_word' id='word_1_59' title='bbox 952 575 1006 611; x_wconf 93' lang='lat' dir='ltr'>M.</span> <span class='ocrx_word' id='word_1_60' title='bbox 1030 573 1239 622; x_wconf 76' lang='lat' dir='ltr'>Geganius,</span> <span class='ocrx_word' id='word_1_61' title='bbox 1269 573 1310 609; x_wconf 94' lang='lat' dir='ltr'>P.</span> <span class='ocrx_word' id='word_1_62' title='bbox 1334 573 1447 609; x_wconf 86' lang='lat' dir='ltr'>Man·</span> 
     </span>
     <span class='ocr_line' id='line_1_8' title="bbox 123 635 940 683; baseline 0.002 -10"><span class='ocrx_word' id='word_1_63' title='bbox 123 635 205 683; x_wconf 90' lang='lat' dir='ltr'>lius,</span> <span class='ocrx_word' id='word_1_64' title='bbox 229 637 270 674; x_wconf 94' lang='lat' dir='ltr'>L.</span> <span class='ocrx_word' id='word_1_65' title='bbox 295 636 490 683; x_wconf 88' lang='lat' dir='ltr'>Veturius,</span> <span class='ocrx_word' id='word_1_66' title='bbox 517 638 555 673; x_wconf 90' lang='lat' dir='ltr'>P.</span> <span class='ocrx_word' id='word_1_67' title='bbox 580 637 756 675; x_wconf 88' lang='lat' dir='ltr'>Valerius</span> <span class='ocrx_word' id='word_1_68' title='bbox 779 645 940 675; x_wconf 84' lang='lat' dir='ltr'>sextum.</span> 
     </span>
    </p>

    <p class='ocr_par' dir='ltr' id='par_1_5' title="bbox 121 701 1490 816">
     <span class='ocr_line' id='line_1_9' title="bbox 203 701 1490 751; baseline -0.001 -12"><span class='ocrx_word' id='word_1_69' title='bbox 203 702 306 740; x_wconf 88' lang='lat' dir='ltr'>Cum</span> <span class='ocrx_word' id='word_1_70' title='bbox 341 709 491 751; x_wconf 89' lang='lat' dir='ltr'>praeter</span> <span class='ocrx_word' id='word_1_71' title='bbox 523 701 757 740; x_wconf 83' lang='lat' dir='ltr'>Velitrarum</span> <span class='ocrx_word' id='word_1_72' title='bbox 788 702 1047 749; x_wconf 78' lang='lat' dir='ltr'>obsidionem,</span> <span class='ocrx_word' id='word_1_73' title='bbox 1080 702 1177 740; x_wconf 81' lang='lat' dir='ltr'>tardi</span> <span class='ocrx_word' id='word_1_74' title='bbox 1211 701 1332 751; x_wconf 85' lang='lat' dir='ltr'>magis</span> <span class='ocrx_word' id='word_1_75' title='bbox 1367 714 1447 739; x_wconf 89' lang='lat' dir='ltr'>rem</span> <span class='ocrx_word' id='word_1_76' title='bbox 1468 714 1490 748; x_wconf 88' lang='lat'>4</span> 
     </span>
     <span class='ocr_line' id='line_1_10' title="bbox 121 763 1446 816; baseline 0 -13"><span class='ocrx_word' id='word_1_77' title='bbox 121 763 246 804; x_wconf 87' lang='lat' dir='ltr'>exitus</span> <span class='ocrx_word' id='word_1_78' title='bbox 279 778 396 815; x_wconf 89' lang='lat' dir='ltr'>quam</span> <span class='ocrx_word' id='word_1_79' title='bbox 430 766 552 812; x_wconf 85' lang='lat' dir='ltr'>dubii,</span> <span class='ocrx_word' id='word_1_80' title='bbox 588 766 743 816; x_wconf 80' lang='lat' dir='ltr'><strong>quietae</strong></span> <span class='ocrx_word' id='word_1_81' title='bbox 777 774 959 806; x_wconf 82' lang='lat' dir='ltr'>externae</span> <span class='ocrx_word' id='word_1_82' title='bbox 992 780 1052 805; x_wconf 86' lang='lat' dir='ltr'>res</span> <span class='ocrx_word' id='word_1_83' title='bbox 1088 765 1277 804; x_wconf 90' lang='lat' dir='ltr'>Romanis</span> <span class='ocrx_word' id='word_1_84' title='bbox 1306 773 1446 811; x_wconf 82' lang='lat' dir='ltr'>essent,</span> 
     </span>
    </p>

    <p class='ocr_par' dir='ltr' id='par_1_6' title="bbox 72 830 1487 1142">
     <span class='ocr_line' id='line_1_11' title="bbox 72 830 1443 881; baseline 0 -14"><span class='ocrx_word' id='word_1_85' title='bbox 72 850 105 868; x_wconf 78' lang='grc' dir='ltr'>ιο</span> <span class='ocrx_word' id='word_1_86' title='bbox 123 830 226 868; x_wconf 88' lang='lat' dir='ltr'>fama</span> <span class='ocrx_word' id='word_1_87' title='bbox 258 843 396 880; x_wconf 87' lang='lat' dir='ltr'>repens</span> <span class='ocrx_word' id='word_1_88' title='bbox 428 830 518 869; x_wconf 91' lang='lat' dir='ltr'>belli</span> <span class='ocrx_word' id='word_1_89' title='bbox 553 831 692 869; x_wconf 82' lang='lat' dir='ltr'>Gallici</span> <span class='ocrx_word' id='word_1_90' title='bbox 726 832 843 869; x_wconf 89' lang='lat' dir='ltr'>allata</span> <span class='ocrx_word' id='word_1_91' title='bbox 871 831 1042 881; x_wconf 82' lang='lat' dir='ltr'>perpulit</span> <span class='ocrx_word' id='word_1_92' title='bbox 1079 830 1286 878; x_wconf 88' lang='lat' dir='ltr'>civitatem,</span> <span class='ocrx_word' id='word_1_93' title='bbox 1318 838 1359 868; x_wconf 88' lang='lat' dir='ltr'>ut</span> <span class='ocrx_word' id='word_1_94' title='bbox 1390 832 1443 868; x_wconf 85' lang='lat' dir='ltr'>M.</span> 
     </span>
     <span class='ocr_line' id='line_1_12' title="bbox 123 894 1447 945; baseline 0.001 -13"><span class='ocrx_word' id='word_1_95' title='bbox 123 894 260 933; x_wconf 91' lang='lat' dir='ltr'>Furius</span> <span class='ocrx_word' id='word_1_96' title='bbox 289 895 456 934; x_wconf 90' lang='lat' dir='ltr'>dictator</span> <span class='ocrx_word' id='word_1_97' title='bbox 484 895 665 945; x_wconf 90' lang='lat' dir='ltr'>quintum</span> <span class='ocrx_word' id='word_1_98' title='bbox 696 897 897 935; x_wconf 86' lang='lat' dir='ltr'>diceretur.</span> <span class='ocrx_word' id='word_1_99' title='bbox 957 897 987 935; x_wconf 89' lang='lat' dir='ltr'>is</span> <span class='ocrx_word' id='word_1_100' title='bbox 1017 898 1062 934; x_wconf 90' lang='lat' dir='ltr'>T.</span> <span class='ocrx_word' id='word_1_101' title='bbox 1096 895 1322 944; x_wconf 85' lang='lat' dir='ltr'>Quinctium</span> <span class='ocrx_word' id='word_1_102' title='bbox 1355 897 1447 934; x_wconf 92' lang='lat' dir='ltr'>Poe-</span> 
     </span>
     <span class='ocr_line' id='line_1_13' title="bbox 121 960 1487 1011; baseline 0.001 -14"><span class='ocrx_word' id='word_1_103' title='bbox 121 972 216 998; x_wconf 91' lang='lat' dir='ltr'>num</span> <span class='ocrx_word' id='word_1_104' title='bbox 250 960 479 1010; x_wconf 86' lang='lat' dir='ltr'>magistrum</span> <span class='ocrx_word' id='word_1_105' title='bbox 513 960 689 1011; x_wconf 90' lang='lat' dir='ltr'>equitum</span> <span class='ocrx_word' id='word_1_106' title='bbox 724 961 831 1000; x_wconf 84' lang='lat' dir='ltr'>dixit.</span> <span class='ocrx_word' id='word_1_107' title='bbox 892 963 1078 1000; x_wconf 79' lang='lat' dir='ltr'>bellatum</span> <span class='ocrx_word' id='word_1_108' title='bbox 1112 974 1201 999; x_wconf 87' lang='lat' dir='ltr'>cum</span> <span class='ocrx_word' id='word_1_109' title='bbox 1240 961 1361 1000; x_wconf 90' lang='lat' dir='ltr'>Gallis</span> <span class='ocrx_word' id='word_1_110' title='bbox 1399 974 1447 999; x_wconf 91' lang='lat' dir='ltr'>eo</span> <span class='ocrx_word' id='word_1_111' title='bbox 1469 972 1487 1009; x_wconf 87' lang='lat'>5</span> 
     </span>
     <span class='ocr_line' id='line_1_14' title="bbox 120 1026 1447 1075; baseline 0.001 -12"><span class='ocrx_word' id='word_1_112' title='bbox 120 1038 226 1064; x_wconf 86' lang='lat' dir='ltr'>anno</span> <span class='ocrx_word' id='word_1_113' title='bbox 251 1026 354 1064; x_wconf 85' lang='lat' dir='ltr'>circa</span> <span class='ocrx_word' id='word_1_114' title='bbox 377 1026 572 1065; x_wconf 87' lang='lat' dir='ltr'>Anienem</span> <span class='ocrx_word' id='word_1_115' title='bbox 599 1028 757 1075; x_wconf 89' lang='lat' dir='ltr'>flumen,</span> <span class='ocrx_word' id='word_1_116' title='bbox 786 1035 921 1066; x_wconf 83' lang='lat' dir='ltr'>auctor</span> <span class='ocrx_word' id='word_1_117' title='bbox 951 1035 1007 1066; x_wconf 86' lang='lat' dir='ltr'>est</span> <span class='ocrx_word' id='word_1_118' title='bbox 1034 1027 1232 1072; x_wconf 81' lang='lat' dir='ltr'>Claudius,</span> <span class='ocrx_word' id='word_1_119' title='bbox 1261 1026 1447 1064; x_wconf 86' lang='lat' dir='ltr'>inclitam-</span> 
     </span>
     <span class='ocr_line' id='line_1_15' title="bbox 119 1091 1446 1142; baseline 0.002 -14"><span class='ocrx_word' id='word_1_120' title='bbox 119 1102 197 1139; x_wconf 92' lang='lat' dir='ltr'>que</span> <span class='ocrx_word' id='word_1_121' title='bbox 224 1091 264 1128; x_wconf 89' lang='lat' dir='ltr'>in</span> <span class='ocrx_word' id='word_1_122' title='bbox 294 1098 417 1140; x_wconf 89' lang='lat' dir='ltr'>ponte</span> <span class='ocrx_word' id='word_1_123' title='bbox 444 1105 631 1142; x_wconf 87' lang='lat' dir='ltr'>pugnam,</span> <span class='ocrx_word' id='word_1_124' title='bbox 662 1105 741 1142; x_wconf 92' lang='lat' dir='ltr'>qua</span> <span class='ocrx_word' id='word_1_125' title='bbox 768 1094 813 1131; x_wconf 92' lang='lat' dir='ltr'>T.</span> <span class='ocrx_word' id='word_1_126' title='bbox 850 1094 1020 1131; x_wconf 87' lang='lat' dir='ltr'>Manlius</span> <span class='ocrx_word' id='word_1_127' title='bbox 1049 1094 1216 1139; x_wconf 88' lang='lat' dir='ltr'>Gallum,</span> <span class='ocrx_word' id='word_1_128' title='bbox 1247 1105 1337 1130; x_wconf 87' lang='lat' dir='ltr'>curn</span> <span class='ocrx_word' id='word_1_129' title='bbox 1367 1104 1446 1141; x_wconf 92' lang='lat' dir='ltr'>quo</span> 
     </span>
    </p>

    <p class='ocr_par' dir='ltr' id='par_1_7' title="bbox 72 1157 1486 1466">
     <span class='ocr_line' id='line_1_16' title="bbox 72 1157 1448 1207; baseline -0.001 -11"><span class='ocrx_word' id='word_1_130' title='bbox 72 1172 101 1196; x_wconf 85' lang='lat'>15</span> <span class='ocrx_word' id='word_1_131' title='bbox 121 1163 354 1205; x_wconf 84' lang='lat' dir='ltr'>provocatus</span> <span class='ocrx_word' id='word_1_132' title='bbox 392 1170 532 1195; x_wconf 86' lang='lat' dir='ltr'>manus</span> <span class='ocrx_word' id='word_1_133' title='bbox 569 1157 775 1204; x_wconf 85' lang='lat' dir='ltr'>conseruit,</span> <span class='ocrx_word' id='word_1_134' title='bbox 812 1158 851 1196; x_wconf 89' lang='lat' dir='ltr'>in</span> <span class='ocrx_word' id='word_1_135' title='bbox 888 1166 1101 1207; x_wconf 86' lang='lat' dir='ltr'>conspectu</span> <span class='ocrx_word' id='word_1_136' title='bbox 1141 1158 1307 1195; x_wconf 87' lang='lat' dir='ltr'>duorum</span> <span class='ocrx_word' id='word_1_137' title='bbox 1345 1169 1448 1195; x_wconf 87' lang='lat' dir='ltr'>exer-</span> 
     </span>
     <span class='ocr_line' id='line_1_17' title="bbox 120 1219 1486 1273; baseline 0.003 -15"><span class='ocrx_word' id='word_1_138' title='bbox 120 1220 267 1259; x_wconf 89' lang='lat' dir='ltr'>cituum</span> <span class='ocrx_word' id='word_1_139' title='bbox 298 1219 456 1259; x_wconf 77' lang='lat' dir='ltr'>caesum</span> <span class='ocrx_word' id='word_1_140' title='bbox 485 1229 623 1271; x_wconf 86' lang='lat' dir='ltr'>torque</span> <span class='ocrx_word' id='word_1_141' title='bbox 653 1222 845 1271; x_wconf 87' lang='lat' dir='ltr'>spoliavit,</span> <span class='ocrx_word' id='word_1_142' title='bbox 877 1230 958 1261; x_wconf 91' lang='lat' dir='ltr'>tum</span> <span class='ocrx_word' id='word_1_143' title='bbox 988 1230 1212 1273; x_wconf 79' lang='lat' dir='ltr'>pugnatam.</span> <span class='ocrx_word' id='word_1_144' title='bbox 1270 1222 1444 1271; x_wconf 89' lang='lat' dir='ltr'>pluribus</span> <span class='ocrx_word' id='word_1_145' title='bbox 1465 1227 1486 1262; x_wconf 91' lang='lat'><strong>6</strong></span> 
     </span>
     <span class='ocr_line' id='line_1_18' title="bbox 119 1285 1445 1336; baseline 0 -13"><span class='ocrx_word' id='word_1_146' title='bbox 119 1285 344 1324; x_wconf 85' lang='lat' dir='ltr'>auctoribus</span> <span class='ocrx_word' id='word_1_147' title='bbox 373 1286 496 1336; x_wconf 86' lang='lat' dir='ltr'>magis</span> <span class='ocrx_word' id='word_1_148' title='bbox 525 1288 702 1325; x_wconf 90' lang='lat' dir='ltr'>adducor</span> <span class='ocrx_word' id='word_1_149' title='bbox 731 1295 773 1325; x_wconf 92' lang='lat' dir='ltr'>ut</span> <span class='ocrx_word' id='word_1_150' title='bbox 807 1288 975 1334; x_wconf 88' lang='lat' dir='ltr'>credam,</span> <span class='ocrx_word' id='word_1_151' title='bbox 1007 1288 1144 1326; x_wconf 86' lang='lat' dir='ltr'>decem</span> <span class='ocrx_word' id='word_1_152' title='bbox 1178 1287 1284 1324; x_wconf 90' lang='lat' dir='ltr'>haud</span> <span class='ocrx_word' id='word_1_153' title='bbox 1317 1285 1445 1324; x_wconf 87' lang='lat' dir='ltr'>minus</span> 
     </span>
     <span class='ocr_line' id='line_1_19' title="bbox 120 1352 1444 1400; baseline -0.001 -11"><span class='ocrx_word' id='word_1_154' title='bbox 120 1358 210 1400; x_wconf 90' lang='lat' dir='ltr'>post</span> <span class='ocrx_word' id='word_1_155' title='bbox 232 1363 359 1389; x_wconf 90' lang='lat' dir='ltr'>annos</span> <span class='ocrx_word' id='word_1_156' title='bbox 385 1364 433 1390; x_wconf 91' lang='lat' dir='ltr'>ea</span> <span class='ocrx_word' id='word_1_157' title='bbox 458 1358 556 1399; x_wconf 90' lang='lat' dir='ltr'>acta,</span> <span class='ocrx_word' id='word_1_158' title='bbox 583 1352 659 1390; x_wconf 93' lang='lat' dir='ltr'>hoc</span> <span class='ocrx_word' id='word_1_159' title='bbox 686 1360 818 1390; x_wconf 89' lang='lat' dir='ltr'>autem</span> <span class='ocrx_word' id='word_1_160' title='bbox 847 1365 952 1390; x_wconf 92' lang='lat' dir='ltr'>anno</span> <span class='ocrx_word' id='word_1_161' title='bbox 981 1352 1020 1389; x_wconf 93' lang='lat' dir='ltr'>in</span> <span class='ocrx_word' id='word_1_162' title='bbox 1048 1353 1205 1390; x_wconf 90' lang='lat' dir='ltr'>Albano</span> <span class='ocrx_word' id='word_1_163' title='bbox 1233 1363 1325 1400; x_wconf 87' lang='lat' dir='ltr'>agro</span> <span class='ocrx_word' id='word_1_164' title='bbox 1354 1363 1444 1389; x_wconf 88' lang='lat' dir='ltr'>cum</span> 
     </span>
     <span class='ocr_line' id='line_1_20' title="bbox 120 1414 1484 1466; baseline -0.001 -13"><span class='ocrx_word' id='word_1_165' title='bbox 120 1414 243 1454; x_wconf 89' lang='lat' dir='ltr'>Gallis</span> <span class='ocrx_word' id='word_1_166' title='bbox 276 1415 467 1454; x_wconf 86' lang='lat' dir='ltr'>dictatore</span> <span class='ocrx_word' id='word_1_167' title='bbox 507 1418 561 1454; x_wconf 90' lang='lat' dir='ltr'>M.</span> <span class='ocrx_word' id='word_1_168' title='bbox 599 1416 718 1455; x_wconf 90' lang='lat' dir='ltr'>Furio</span> <span class='ocrx_word' id='word_1_169' title='bbox 753 1416 862 1466; x_wconf 87' lang='lat' dir='ltr'>signa</span> <span class='ocrx_word' id='word_1_170' title='bbox 899 1417 1048 1454; x_wconf 89' lang='lat' dir='ltr'>collata.</span> <span class='ocrx_word' id='word_1_171' title='bbox 1109 1428 1181 1453; x_wconf 88' lang='lat' dir='ltr'>nec</span> <span class='ocrx_word' id='word_1_172' title='bbox 1219 1415 1339 1452; x_wconf 83' lang='lat' dir='ltr'>dubia</span> <span class='ocrx_word' id='word_1_173' title='bbox 1372 1427 1484 1465; x_wconf 91' lang='lat' dir='ltr'>nec7</span> 
     </span>
    </p>

    <p class='ocr_par' dir='ltr' id='par_1_8' title="bbox 69 1480 1485 1790">
     <span class='ocr_line' id='line_1_21' title="bbox 69 1480 1445 1532; baseline 0 -14"><span class='ocrx_word' id='word_1_174' title='bbox 69 1501 102 1519; x_wconf 85' lang='lat'>20</span> <span class='ocrx_word' id='word_1_175' title='bbox 119 1480 285 1519; x_wconf 87' lang='lat' dir='ltr'>difficilis</span> <span class='ocrx_word' id='word_1_176' title='bbox 314 1481 517 1529; x_wconf 85' lang='lat' dir='ltr'>Romanis,</span> <span class='ocrx_word' id='word_1_177' title='bbox 545 1494 773 1532; x_wconf 85' lang='lat' dir='ltr'>quanquam</span> <span class='ocrx_word' id='word_1_178' title='bbox 801 1481 999 1532; x_wconf 86' lang='lat' dir='ltr'>ingentem</span> <span class='ocrx_word' id='word_1_179' title='bbox 1028 1480 1130 1520; x_wconf 88' lang='lat' dir='ltr'>Galli</span> <span class='ocrx_word' id='word_1_180' title='bbox 1160 1488 1345 1519; x_wconf 88' lang='lat' dir='ltr'>terrorem</span> <span class='ocrx_word' id='word_1_181' title='bbox 1366 1493 1445 1518; x_wconf 83' lang='lat' dir='ltr'>me-</span> 
     </span>
     <span class='ocr_line' id='line_1_22' title="bbox 119 1543 1445 1596; baseline -0.002 -13"><span class='ocrx_word' id='word_1_182' title='bbox 119 1546 243 1584; x_wconf 85' lang='lat' dir='ltr'>moria</span> <span class='ocrx_word' id='word_1_183' title='bbox 260 1546 446 1596; x_wconf 87' lang='lat' dir='ltr'>pristinae</span> <span class='ocrx_word' id='word_1_184' title='bbox 471 1547 594 1586; x_wconf 90' lang='lat' dir='ltr'>cladis</span> <span class='ocrx_word' id='word_1_185' title='bbox 619 1548 840 1595; x_wconf 87' lang='lat' dir='ltr'>attulerant,</span> <span class='ocrx_word' id='word_1_186' title='bbox 862 1545 1024 1584; x_wconf 90' lang='lat' dir='ltr'>victoria</span> <span class='ocrx_word' id='word_1_187' title='bbox 1043 1544 1123 1583; x_wconf 89' lang='lat' dir='ltr'>fuit.</span> <span class='ocrx_word' id='word_1_188' title='bbox 1183 1545 1306 1582; x_wconf 89' lang='lat' dir='ltr'>multa</span> <span class='ocrx_word' id='word_1_189' title='bbox 1326 1543 1445 1582; x_wconf 90' lang='lat' dir='ltr'>millia</span> 
     </span>
     <span class='ocr_line' id='line_1_23' title="bbox 117 1608 1485 1661; baseline -0.002 -12"><span class='ocrx_word' id='word_1_190' title='bbox 117 1611 370 1650; x_wconf 89' lang='lat' dir='ltr'>barbarorum</span> <span class='ocrx_word' id='word_1_191' title='bbox 399 1610 439 1650; x_wconf 89' lang='lat' dir='ltr'>in</span> <span class='ocrx_word' id='word_1_192' title='bbox 470 1611 565 1660; x_wconf 91' lang='lat' dir='ltr'>acie,</span> <span class='ocrx_word' id='word_1_193' title='bbox 593 1613 714 1650; x_wconf 89' lang='lat' dir='ltr'>multa</span> <span class='ocrx_word' id='word_1_194' title='bbox 744 1611 868 1661; x_wconf 88' lang='lat' dir='ltr'>captis</span> <span class='ocrx_word' id='word_1_195' title='bbox 895 1609 1027 1648; x_wconf 86' lang='lat' dir='ltr'>castris</span> <span class='ocrx_word' id='word_1_196' title='bbox 1057 1622 1188 1657; x_wconf 79' lang='lat' dir='ltr'>caesa3</span> <span class='ocrx_word' id='word_1_197' title='bbox 1218 1608 1337 1658; x_wconf 85' lang='lat' dir='ltr'>palati</span> <span class='ocrx_word' id='word_1_198' title='bbox 1366 1608 1441 1653; x_wconf 88' lang='lat' dir='ltr'>alii,</span> <span class='ocrx_word' id='word_1_199' title='bbox 1464 1617 1485 1652; x_wconf 83' lang='lat'><em>8</em></span> 
     </span>
     <span class='ocr_line' id='line_1_24' title="bbox 119 1675 1442 1728; baseline -0.002 -15"><span class='ocrx_word' id='word_1_200' title='bbox 119 1675 301 1725; x_wconf 90' lang='lat' dir='ltr'>Apuliam</span> <span class='ocrx_word' id='word_1_201' title='bbox 335 1676 502 1715; x_wconf 89' lang='lat' dir='ltr'>maxime</span> <span class='ocrx_word' id='word_1_202' title='bbox 536 1685 727 1728; x_wconf 87' lang='lat' dir='ltr'>petentes,</span> <span class='ocrx_word' id='word_1_203' title='bbox 762 1690 849 1714; x_wconf 83' lang='lat' dir='ltr'>curn</span> <span class='ocrx_word' id='word_1_204' title='bbox 889 1677 979 1723; x_wconf 85' lang='lat' dir='ltr'>fuga</span> <span class='ocrx_word' id='word_1_205' title='bbox 1017 1688 1058 1714; x_wconf 90' lang='lat' dir='ltr'>se</span> <span class='ocrx_word' id='word_1_206' title='bbox 1096 1675 1322 1724; x_wconf 85' lang='lat' dir='ltr'>longinqua,</span> <span class='ocrx_word' id='word_1_207' title='bbox 1361 1682 1442 1712; x_wconf 87' lang='lat' dir='ltr'>turn</span> 
     </span>
     <span class='ocr_line' id='line_1_25' title="bbox 118 1738 1444 1790; baseline 0 -14"><span class='ocrx_word' id='word_1_208' title='bbox 118 1738 227 1787; x_wconf 92' lang='lat' dir='ltr'>quod</span> <span class='ocrx_word' id='word_1_209' title='bbox 267 1739 413 1790; x_wconf 87' lang='lat' dir='ltr'>passim</span> <span class='ocrx_word' id='word_1_210' title='bbox 456 1754 524 1780; x_wconf 87' lang='lat' dir='ltr'>eos</span> <span class='ocrx_word' id='word_1_211' title='bbox 567 1741 682 1779; x_wconf 88' lang='lat' dir='ltr'>simul</span> <span class='ocrx_word' id='word_1_212' title='bbox 720 1754 843 1790; x_wconf 89' lang='lat' dir='ltr'>pavor</span> <span class='ocrx_word' id='word_1_213' title='bbox 880 1748 1077 1788; x_wconf 87' lang='lat' dir='ltr'>terrorque</span> <span class='ocrx_word' id='word_1_214' title='bbox 1115 1738 1354 1785; x_wconf 88' lang='lat' dir='ltr'>distulerant,</span> <span class='ocrx_word' id='word_1_215' title='bbox 1394 1739 1444 1776; x_wconf 89' lang='lat' dir='ltr'>ab</span> 
     </span>
    </p>

    <p class='ocr_par' dir='ltr' id='par_1_9' title="bbox 67 1802 1440 1918">
     <span class='ocr_line' id='line_1_26' title="bbox 67 1802 1440 1856; baseline 0.001 -17"><span class='ocrx_word' id='word_1_216' title='bbox 67 1822 99 1846; x_wconf 85' lang='lat'>25</span> <span class='ocrx_word' id='word_1_217' title='bbox 117 1803 230 1842; x_wconf 89' lang='lat' dir='ltr'>hoste</span> <span class='ocrx_word' id='word_1_218' title='bbox 251 1802 369 1856; x_wconf 89' lang='lat' dir='ltr'>[sese]</span> <span class='ocrx_word' id='word_1_219' title='bbox 397 1805 512 1844; x_wconf 88' lang='lat' dir='ltr'>tutati</span> <span class='ocrx_word' id='word_1_220' title='bbox 539 1813 638 1844; x_wconf 91' lang='lat' dir='ltr'>sunt.</span> <span class='ocrx_word' id='word_1_221' title='bbox 697 1804 876 1843; x_wconf 82' lang='lat' dir='ltr'>dictatori</span> <span class='ocrx_word' id='word_1_222' title='bbox 903 1816 1095 1842; x_wconf 84' lang='lat' dir='ltr'>consensu</span> <span class='ocrx_word' id='word_1_223' title='bbox 1122 1810 1273 1853; x_wconf 88' lang='lat' dir='ltr'>patrum</span> <span class='ocrx_word' id='word_1_224' title='bbox 1301 1802 1440 1852; x_wconf 87' lang='lat' dir='ltr'>plebis-</span> 
     </span>
     <span class='ocr_line' id='line_1_27' title="bbox 117 1867 639 1918; baseline 0.006 -13"><span class='ocrx_word' id='word_1_225' title='bbox 117 1880 195 1917; x_wconf 88' lang='lat' dir='ltr'>que</span> <span class='ocrx_word' id='word_1_226' title='bbox 213 1867 430 1918; x_wconf 87' lang='lat' dir='ltr'>triumphus</span> <span class='ocrx_word' id='word_1_227' title='bbox 451 1871 639 1908; x_wconf 90' lang='lat' dir='ltr'>decretus.</span> 
     </span>
    </p>

    <p class='ocr_par' dir='ltr' id='par_1_10' title="bbox 117 1930 1485 2111">
     <span class='ocr_line' id='line_1_28' title="bbox 197 1930 1485 1984; baseline -0.001 -15"><span class='ocrx_word' id='word_1_228' title='bbox 197 1931 370 1971; x_wconf 90' lang='lat' dir='ltr'>Vixdum</span> <span class='ocrx_word' id='word_1_229' title='bbox 391 1935 636 1983; x_wconf 87' lang='lat' dir='ltr'>perfunctum</span> <span class='ocrx_word' id='word_1_230' title='bbox 665 1945 753 1971; x_wconf 89' lang='lat' dir='ltr'>eum</span> <span class='ocrx_word' id='word_1_231' title='bbox 775 1934 879 1971; x_wconf 89' lang='lat' dir='ltr'>bello</span> <span class='ocrx_word' id='word_1_232' title='bbox 904 1930 1072 1970; x_wconf 88' lang='lat' dir='ltr'>atrocior</span> <span class='ocrx_word' id='word_1_233' title='bbox 1091 1930 1199 1969; x_wconf 87' lang='lat' dir='ltr'>domi</span> <span class='ocrx_word' id='word_1_234' title='bbox 1220 1931 1361 1969; x_wconf 90' lang='lat' dir='ltr'>seditio</span> <span class='ocrx_word' id='word_1_235' title='bbox 1381 1944 1442 1969; x_wconf 85' lang='lat' dir='ltr'>ex·</span> <span class='ocrx_word' id='word_1_236' title='bbox 1463 1949 1485 1984; x_wconf 93' lang='lat'><strong>9</strong></span> 
     </span>
     <span class='ocr_line' id='line_1_29' title="bbox 117 1995 1441 2047; baseline -0.001 -14"><span class='ocrx_word' id='word_1_237' title='bbox 117 1996 235 2046; x_wconf 90' lang='lat' dir='ltr'>cepit,</span> <span class='ocrx_word' id='word_1_238' title='bbox 256 2005 295 2035; x_wconf 91' lang='lat' dir='ltr'>et</span> <span class='ocrx_word' id='word_1_239' title='bbox 320 2009 390 2046; x_wconf 90' lang='lat' dir='ltr'>per</span> <span class='ocrx_word' id='word_1_240' title='bbox 414 1998 588 2047; x_wconf 85' lang='lat' dir='ltr'>ingentia</span> <span class='ocrx_word' id='word_1_241' title='bbox 613 1996 828 2035; x_wconf 88' lang='lat' dir='ltr'>certamina</span> <span class='ocrx_word' id='word_1_242' title='bbox 855 1996 1023 2034; x_wconf 89' lang='lat' dir='ltr'>dictator</span> <span class='ocrx_word' id='word_1_243' title='bbox 1049 2003 1287 2044; x_wconf 84' lang='lat' dir='ltr'>senatusque</span> <span class='ocrx_word' id='word_1_244' title='bbox 1307 1995 1441 2042; x_wconf 90' lang='lat' dir='ltr'>victus,</span> 
     </span>
     <span class='ocr_line' id='line_1_30' title="bbox 117 2058 1443 2111; baseline -0.002 -13"><span class='ocrx_word' id='word_1_245' title='bbox 117 2067 161 2098; x_wconf 94' lang='lat' dir='ltr'>ut</span> <span class='ocrx_word' id='word_1_246' title='bbox 188 2060 410 2111; x_wconf 89' lang='lat' dir='ltr'>rogationes</span> <span class='ocrx_word' id='word_1_247' title='bbox 440 2061 672 2100; x_wconf 88' lang='lat' dir='ltr'>tribuniciae</span> <span class='ocrx_word' id='word_1_248' title='bbox 703 2060 989 2109; x_wconf 79' lang='lat' dir='ltr'>acciperentur3</span> <span class='ocrx_word' id='word_1_249' title='bbox 1036 2067 1073 2098; x_wconf 90' lang='lat' dir='ltr'>et</span> <span class='ocrx_word' id='word_1_250' title='bbox 1111 2058 1271 2097; x_wconf 88' lang='lat' dir='ltr'>comitia</span> <span class='ocrx_word' id='word_1_251' title='bbox 1307 2071 1443 2097; x_wconf 90' lang='lat' dir='ltr'>consu-</span> 
     </span>
    </p>

    <p class='ocr_par' dir='ltr' id='par_1_11' title="bbox 65 2125 1512 2305">
     <span class='ocr_line' id='line_1_31' title="bbox 65 2125 1443 2175; baseline 0.001 -12"><span class='ocrx_word' id='word_1_252' title='bbox 65 2145 100 2170; x_wconf 84' lang='lat'>30</span> <span class='ocrx_word' id='word_1_253' title='bbox 116 2127 197 2164; x_wconf 89' lang='lat' dir='ltr'>lum</span> <span class='ocrx_word' id='word_1_254' title='bbox 223 2128 386 2166; x_wconf 88' lang='lat' dir='ltr'>adversa</span> <span class='ocrx_word' id='word_1_255' title='bbox 413 2127 617 2166; x_wconf 85' lang='lat' dir='ltr'>nobilitate</span> <span class='ocrx_word' id='word_1_256' title='bbox 644 2126 788 2174; x_wconf 87' lang='lat' dir='ltr'>habita,</span> <span class='ocrx_word' id='word_1_257' title='bbox 818 2126 961 2175; x_wconf 87' lang='lat' dir='ltr'>quibus</span> <span class='ocrx_word' id='word_1_258' title='bbox 992 2127 1034 2164; x_wconf 91' lang='lat' dir='ltr'>L.</span> <span class='ocrx_word' id='word_1_259' title='bbox 1068 2125 1220 2164; x_wconf 89' lang='lat' dir='ltr'>Sextius</span> <span class='ocrx_word' id='word_1_260' title='bbox 1249 2126 1299 2164; x_wconf 90' lang='lat' dir='ltr'>de</span> <span class='ocrx_word' id='word_1_261' title='bbox 1328 2127 1443 2175; x_wconf 88' lang='lat' dir='ltr'>plebe</span> 
     </span>
     <span class='ocr_line' id='line_1_32' title="bbox 116 2188 1512 2240; baseline -0.001 -12"><span class='ocrx_word' id='word_1_262' title='bbox 116 2189 264 2240; x_wconf 89' lang='lat' dir='ltr'>primus</span> <span class='ocrx_word' id='word_1_263' title='bbox 297 2192 435 2229; x_wconf 87' lang='lat' dir='ltr'>consul</span> <span class='ocrx_word' id='word_1_264' title='bbox 468 2193 604 2229; x_wconf 86' lang='lat' dir='ltr'>factus.</span> <span class='ocrx_word' id='word_1_265' title='bbox 662 2198 700 2229; x_wconf 92' lang='lat' dir='ltr'>et</span> <span class='ocrx_word' id='word_1_266' title='bbox 734 2203 784 2228; x_wconf 90' lang='lat' dir='ltr'>ne</span> <span class='ocrx_word' id='word_1_267' title='bbox 818 2190 848 2228; x_wconf 88' lang='lat' dir='ltr'>is</span> <span class='ocrx_word' id='word_1_268' title='bbox 880 2190 1039 2239; x_wconf 89' lang='lat' dir='ltr'>quidem</span> <span class='ocrx_word' id='word_1_269' title='bbox 1070 2189 1156 2227; x_wconf 89' lang='lat' dir='ltr'>finis</span> <span class='ocrx_word' id='word_1_270' title='bbox 1184 2188 1441 2227; x_wconf 85' lang='lat' dir='ltr'>certaminum</span> <span class='ocrx_word' id='word_1_271' title='bbox 1465 2203 1512 2226; x_wconf 87' lang='lat'>10</span> 
     </span>
     <span class='ocr_line' id='line_1_33' title="bbox 114 2254 1443 2305; baseline -0.001 -12"><span class='ocrx_word' id='word_1_272' title='bbox 114 2254 196 2294; x_wconf 84' lang='lat' dir='ltr'>suit.</span> <span class='ocrx_word' id='word_1_273' title='bbox 265 2256 359 2305; x_wconf 89' lang='lat' dir='ltr'>quia</span> <span class='ocrx_word' id='word_1_274' title='bbox 396 2256 547 2305; x_wconf 86' lang='lat' dir='ltr'>patricii</span> <span class='ocrx_word' id='word_1_275' title='bbox 585 2269 626 2294; x_wconf 91' lang='lat' dir='ltr'>se</span> <span class='ocrx_word' id='word_1_276' title='bbox 664 2263 843 2294; x_wconf 80' lang='lat' dir='ltr'>auctores</span> <span class='ocrx_word' id='word_1_277' title='bbox 882 2257 1031 2293; x_wconf 87' lang='lat' dir='ltr'>futuros</span> <span class='ocrx_word' id='word_1_278' title='bbox 1071 2256 1276 2303; x_wconf 83' lang='lat' dir='ltr'>negabant,</span> <span class='ocrx_word' id='word_1_279' title='bbox 1318 2267 1443 2303; x_wconf 89' lang='lat' dir='ltr'>prope</span> 
     </span>
    </p>
   </div>
  </div>
 </body>
</html>
