1586 2460
615 73 801 109 LIBER
850 74 912 110 Vl.
1380 85 1422 123 15

101 192 170 216 B.c.
189 185 262 226 385.
308 184 421 215 mvelt
435 183 533 225 ofllte
550 185 667 216 Latz'ns
683 186 754 216 aml
767 186 959 230 llcrm'fans,
975 188 1046 218 wlm
1061 189 1153 219 assis!
1168 189 1220 219 tlte
1251 188 1422 220 Volsct'aus.
1444 185 1499 229 11

187 238 336 279 Popular
349 238 525 279 agitations
547 238 586 279 qs
595 239 646 269 M.
665 240 819 270 lilanle'us
843 240 1057 280 Capitolinus.
1108 242 1150 271 A.
1171 241 1336 273 comaclim
1355 242 1424 273 Cos-

183 302 240 322 sus
254 291 283 322 is
296 292 420 322 created
431 291 567 322 dictator
581 292 618 322 in
634 303 845 334 consequence.

180 372 411 422 Insequenti
450 386 566 420 anno,
607 375 651 411 A.
698 374 861 421 Manlio,
903 376 942 412 P.
985 376 1180 422 Cornelio,
1221 377 1265 414 T.
1307 383 1346 414 et
1380 378 1422 415 L.

67 454 82 478 ⁵
101 435 296 486 Quinctiis
324 437 568 487 Capitolinis,
597 440 638 477 L.
671 439 826 488 Papirio
853 441 1022 478 Cursore
1048 441 1197 486 iterum,
1234 442 1273 480 C.
1297 443 1425 491 Sergio

100 503 236 540 iterum
275 502 441 541 tribunis
479 504 674 542 consulari
719 513 922 554 potestate,
968 519 1082 555 grave
1128 506 1273 544 bellum
1319 506 1422 553 foris,

100 566 251 616 gravior
283 566 392 605 domi
427 568 568 606 seditio
608 577 750 614 exorta,
791 570 936 607 bellum
976 584 997 608 a
1040 571 1201 617 Volscis,
1241 570 1462 611 adiunctaz

104 630 330 670 Latinorum
373 641 491 682 atque
538 633 799 672 Hernicorum
843 635 1073 680 defectio-ne,
1121 635 1272 682 seditio,
1320 637 1424 674 unde

101 694 264 735 minime
298 696 424 735 timeri
458 697 595 747 potuit,
631 711 654 736 a
692 698 873 747 patriciae
912 698 1037 748 gentis
1076 699 1155 738 viro
1193 708 1230 738 et
1269 700 1423 739 inclitae

54 780 86 798 ιο
101 760 240 805 famae,
265 762 320 799 M.
343 761 495 799 Manlio
517 761 751 811 Capitolino.
812 762 876 811 qui
898 763 1039 801 nimius
1066 763 1184 801 animi
1211 777 1300 802 cum
1327 766 1424 802 alios
1442 779 1464 814 3

101 823 300 875 principes
329 835 537 876 sperneret,
570 827 637 864 uni
667 827 856 866 invideret
886 827 1028 866 eximio
1063 830 1177 866 simul
1210 829 1423 867 honoribus

103 897 222 939 atque
256 890 474 937 virtutibus,
511 893 567 929 M.
605 891 734 940 Furio,
769 905 881 942 aegre
914 893 1071 937 ferebat,
1107 894 1232 931 solum
1263 907 1352 931 eum
1384 895 1423 931 in

104 950 402 1000 magistratibus,
448 952 573 988 solum
618 952 726 1000 apud
769 951 958 989 exercitus
1003 965 1112 991 esse:
1159 961 1309 991 tantum
1347 955 1422 992 iarn

100 1013 285 1061 eminere,
314 1023 356 1052 ut
382 1013 525 1052 iisdem
552 1013 733 1063 auspiciis
763 1022 914 1052 creatos
944 1027 1023 1052 non
1052 1027 1121 1063 pro
1150 1013 1321 1063 collegis,
1352 1014 1421 1051 sed
1439 1027 1463 1061 4

53 1095 83 1119 ις,
101 1091 173 1128 pro
202 1077 386 1116 ministris
415 1078 569 1125 habeat,
601 1091 691 1115 cum
720 1077 885 1123 interim,
917 1077 948 1115 si
977 1078 1062 1127 quis
1097 1091 1184 1116 vere
1218 1076 1422 1116 aestimare

100 1142 202 1189 velit,
224 1155 246 1180 a
268 1144 321 1179 M.
347 1142 463 1180 Furio
483 1141 698 1191 recuperari
720 1138 841 1191 patria
861 1156 906 1180 ex
927 1142 1132 1181 obsidione
1152 1141 1320 1180 hostiurn
1342 1155 1420 1180 non

101 1205 284 1256 potuerit,
306 1205 378 1243 nisi
398 1219 422 1243 a
441 1219 482 1243 se
502 1206 606 1255 prius
629 1206 869 1254 Capitolium
896 1214 1012 1255 atque
1039 1219 1105 1244 arx
1134 1214 1281 1244 servata
1308 1214 1420 1253 esset,

99 1278 139 1309 et
166 1270 230 1309 ille
263 1272 362 1309 inter
389 1284 526 1308 aurum
556 1270 829 1320 accipiendum
860 1278 898 1308 et
926 1270 966 1308 in
1002 1282 1109 1320 spem
1145 1269 1251 1320 pacis
1285 1270 1421 1308 solutis
1440 1287 1459 1324 5

99 1334 239 1373 animis
281 1336 417 1373 Gallos
455 1349 656 1385 aggressus
700 1335 758 1384 sit,
802 1335 885 1386 ipse
930 1344 1098 1374 armatos
1143 1335 1421 1385 capientesque

51 1422 84 1440 ω
99 1413 229 1439 arcem
268 1401 472 1451 depulerit,
511 1401 612 1439 illius
653 1402 798 1450 gloriae
842 1415 929 1451 pars
974 1401 1089 1439 virilis
1135 1402 1239 1450 apud
1284 1414 1421 1439 omnes

100 1465 241 1503 milites
283 1466 344 1512 sit,
383 1466 450 1515 qui
491 1466 606 1504 simul
646 1466 818 1512 vicerint,
859 1479 951 1505 suae
997 1466 1180 1504 victoriae
1224 1465 1420 1504 neminem

99 1529 277 1568 omnium
311 1532 534 1569 mortalium
568 1531 718 1570 socium
757 1545 852 1570 esse.
911 1531 969 1569 his
1003 1531 1255 1581 opinionibus
1287 1531 1462 1572 inflato6

99 1593 243 1639 animo,
265 1595 316 1632 ad
336 1595 413 1632 hoc
438 1595 531 1633 vitio
561 1608 719 1645 quoque
745 1595 889 1645 ingenii
913 1597 1122 1634 vehemens
1149 1604 1186 1634 et
1213 1596 1418 1644 impotens,

99 1666 310 1708 postquam
350 1659 449 1698 inter
487 1667 617 1709 patres
657 1673 748 1706 non,
787 1668 978 1710 quantum
1017 1673 1186 1710 aequum
1225 1661 1421 1704 censebat,

49 1743 82 1768 25
101 1725 289 1763 excellere
336 1738 424 1763 suas
474 1738 569 1774 opes
617 1725 899 1772 animadvertit,
950 1725 1095 1775 primus
1148 1725 1322 1764 omnium
1375 1739 1423 1763 ex
1441 1737 1460 1775 7

100 1789 276 1838 patribus
296 1790 496 1839 popularis
516 1792 642 1829 factus
662 1803 752 1828 cum
773 1790 936 1840 plebeiis
958 1790 1244 1840 magistratibus
1261 1789 1424 1828 consilia

100 1853 392 1892 communicare
407 1870 416 1900 ;
446 1854 691 1892 criminando
718 1862 856 1904 patres,
885 1853 1094 1892 alliciendo
1120 1855 1171 1892 ad
1191 1867 1232 1892 se
1252 1855 1420 1903 plebem,

101 1916 178 1955 iam
197 1930 302 1966 aura,
331 1931 413 1957 non
439 1919 604 1957 consilio
631 1918 717 1956 ferri
743 1920 946 1967 famaeque
974 1931 1137 1967 magnae
1163 1919 1278 1956 malle
1305 1931 1421 1967 quam

101 1984 230 2022 bonae
250 1995 346 2022 esse.
397 1991 437 2022 et
458 1997 538 2022 non
558 1991 768 2022 contentus
789 1982 944 2032 agrariis
965 1983 1126 2032 legibus,
1144 1995 1245 2031 quae
1263 1981 1423 2020 materia
1441 1987 1464 2022 8

51 2069 84 2093 30
101 2061 256 2100 semper
300 2048 465 2087 tribunis
510 2048 615 2098 plebi
660 2048 899 2086 seditionum
943 2047 1090 2093 fuisset,
1133 2047 1252 2084 fidem
1297 2046 1422 2084 moliri

102 2112 255 2163 coepit:
284 2113 452 2152 acriores
479 2115 626 2163 quippe
653 2112 752 2152 aeris
778 2112 894 2150 alieni
921 2111 1098 2150 stimulos
1125 2123 1221 2156 esse,
1251 2109 1316 2159 qui
1344 2123 1423 2148 non

103 2185 315 2227 egestatem
337 2178 458 2216 modo
479 2186 597 2227 atque
616 2177 873 2228 ignominiam
900 2176 1107 2222 minentur,
1135 2175 1205 2212 sed
1233 2186 1352 2212 nervo
1378 2186 1424 2212 ac

59 2245 64 2248 '
101 2232 239 2280 vinclis
259 2255 400 2293 corpus
420 2243 584 2281 liberum
605 2243 789 2282 territent.
849 2250 887 2281 et
907 2249 988 2279 erat
1014 2240 1112 2278 aeris
1139 2238 1255 2278 alieni
1282 2251 1423 2288 magna
1442 2250 1466 2287 9

230 2325 272 2352 M.
298 2325 329 2350 L.
353 2326 404 2353 vr.
438 2357 450 2363 x
1157 2351 1160 2353 r
1291 2325 1308 2348 2
