1586 2460
119 82 165 104 20
703 64 864 100 LJVls

114 170 237 214 suerit,
261 170 404 207 tributo
432 168 681 207 collationem
709 169 863 213 saetam,
893 168 997 205 idem
1022 181 1159 206 aurum
1188 181 1235 206 ex
1261 167 1438 206 hostibus

51 251 93 286 13
113 242 269 284 captum
305 233 344 270 in
377 245 592 282 paucorum
631 234 815 283 praedam
855 232 1026 271 cessisse.
1085 232 1216 282 itaque
1255 245 1440 283 exseque-

114 300 254 337 bantur
297 298 534 346 quaerendo,
583 297 650 336 ubi
697 305 828 335 tantae
867 296 921 335 rei
967 298 1109 335 furtum
1154 297 1438 342 occultaretur3

112 360 385 410 differentique
413 369 451 399 et
471 368 651 411 tempore
672 374 744 399 suo
772 374 811 399 se
838 360 1101 399 indicaturum
1121 361 1278 408 dicenti,
1301 360 1438 399 ceteris

112 426 264 465 omissis
295 439 341 464 eo
372 439 504 466 versae
537 434 645 464 erant
671 426 849 464 omnium
877 439 1002 471 curae,
1033 427 1337 476 apparebatque,
1365 438 1438 464 nec
1458 442 1472 466 5

111 491 189 530 veri
220 491 352 529 indicii
381 492 545 540 gratiam
575 491 746 529 mediam
777 504 850 529 nec
881 492 963 529 falsi
995 492 1255 529 offensionem
1286 493 1375 529 fore.

38 616 92 660 15
117 626 148 656 Τ
143 626 182 657 lte
198 626 351 657 Diclator
365 626 392 656 is
403 626 543 657 recallcd
553 631 583 658 to
599 627 710 658 Rome.
749 627 802 657 lle
815 637 982 657 summam
998 626 1151 657 [Manlius
1166 626 1267 667 befhre
1276 625 1358 664 lzz'm,
1371 626 1444 657 and

195 680 304 711 orders
323 680 392 711 lzz'm
414 691 455 711 on
470 681 555 721 pain
575 682 617 722 of
627 686 733 712 arrcst
751 686 782 712 lo
804 682 895 712 make
910 682 994 722 good
1013 681 1064 711 lu's
1083 681 1284 712 accusalz'ons
1301 681 1374 712 and
1389 681 1439 712 his

188 736 353 776 promises.
409 736 442 766 T
435 736 474 767 lle
487 737 576 778 reply
591 737 631 778 (gf
638 737 799 768 Manlius.

192 819 252 855 Ita
273 816 470 866 suspensis
491 818 617 863 rebus,
642 817 811 857 dictator
829 818 975 857 accitus
992 820 1040 857 ab
1061 818 1233 857 exercitu
1248 818 1288 857 in
1304 820 1437 858 urbem
1459 840 1491 857 10

109 882 224 920 venit.
285 890 442 932 postero
481 882 544 921 die
584 890 721 921 senatu
756 883 904 930 habito,
941 896 1028 921 cum
1069 884 1162 921 satis
1201 883 1439 933 periclitatus

109 948 329 986 voluntates
364 947 570 986 hominum
610 947 814 986 discedere
854 955 1032 986 senatum
1072 949 1123 986 ab
1162 961 1202 987 se
1241 947 1436 994 vetuisset,

72 1025 89 1048 2
110 1011 274 1061 stipatus
308 1024 355 1049 ea
385 1010 649 1059 multitudine,
686 1013 780 1050 sella
815 1012 854 1050 in
889 1012 1053 1051 comitio
1081 1012 1220 1063 posita,
1251 1013 1438 1052 viatorem

109 1077 159 1114 ad
193 1078 250 1114 M.
274 1075 468 1114 Manlium
503 1075 629 1123 misit3
670 1077 737 1126 qui
770 1076 970 1115 dictatoris
1002 1077 1107 1115 iussu
1140 1085 1312 1125 vocatus,
1348 1090 1438 1116 cum

110 1141 263 1191 signum
295 1142 373 1179 suis
404 1142 591 1189 dedisset,
620 1141 760 1180 adesse
789 1149 999 1188 certamen,
1028 1141 1182 1191 agmine
1211 1142 1360 1192 ingenti
1388 1143 1437 1181 ad
1460 1161 1488 1185 ¹5

70 1207 277 1258 3tribunal
316 1206 430 1245 venit.
490 1205 581 1244 hinc
620 1215 788 1252 senatus,
829 1206 919 1244 hinc
958 1208 1081 1256 plebs,
1123 1220 1235 1245 suum
1274 1207 1440 1258 quisque

69 1271 305 1318 4intuentes
332 1271 486 1318 ducem,
514 1272 622 1309 velut
647 1270 686 1308 in
714 1270 797 1310 acie
825 1271 1092 1311 constiterant.
1151 1279 1233 1310 tum
1262 1272 1438 1320 dictator,

110 1336 266 1375 silentio
286 1337 403 1383 facto,
426 1335 610 1374 “utinam
626 1336 643 1351 ’'
665 1336 790 1386 inquit
819 1336 949 1374 “mihi
972 1336 1226 1386 patribusque
1248 1337 1439 1375 Romanis

108 1400 161 1439 ita
187 1401 237 1440 de
263 1400 401 1440 ceteris
428 1401 544 1439 rebus
571 1414 661 1438 cum
689 1401 804 1450 plebe
834 1401 1055 1449 conveniat,
1089 1401 1436 1451 quemadmodum,

110 1466 218 1515 quod
239 1475 290 1505 acl
310 1473 347 1504 te
368 1465 505 1504 attinet
526 1478 693 1515 eamque
712 1479 804 1512 rem,
824 1479 941 1515 quam
958 1466 1008 1504 de
1024 1473 1062 1504 te
1079 1479 1163 1503 sum
1182 1465 1437 1515 quaesituruS,
1458 1489 1492 1505 ρο

72 1542 91 1579 5
110 1537 396 1568 conventurum
417 1529 509 1568 satis
531 1530 699 1568 confido.
744 1543 853 1580 spem
875 1531 1017 1569 factam
1037 1544 1062 1569 a
1080 1538 1120 1569 te
1144 1529 1291 1569 civitati
1309 1530 1437 1578 video,

110 1595 186 1632 fide
215 1593 404 1633 incolumi
434 1607 482 1632 ex
510 1594 700 1632 thesauris
731 1593 902 1640 Gallicis,
935 1607 1035 1644 quos
1065 1596 1256 1644 primores
1284 1603 1438 1645 patrum

111 1660 321 1706 occultent,
343 1658 535 1697 creditum
564 1659 663 1697 solvi
690 1672 821 1708 posse.
879 1658 942 1697 cui
969 1672 1042 1709 ego
1068 1659 1122 1698 rei
1148 1666 1302 1698 tantum
1328 1660 1439 1698 abest

111 1732 152 1762 ut
185 1722 470 1773 impedimento
504 1723 588 1770 sim,
624 1731 667 1761 ut
705 1731 840 1762 contra
873 1731 924 1770 te,
966 1725 1021 1761 M.
1065 1723 1201 1771 Manli,
1242 1724 1459 1770 adhorten-

111 1788 249 1827 liberes
268 1789 402 1826 fenore
422 1788 829 1840 plebevaomanam
851 1796 889 1826 et
909 1787 1004 1826 istos
1022 1787 1252 1827 incubantes
1273 1788 1438 1838 publicis
1457 1810 1488 1834 25
1528 1796 1530 1798 ’

70 1860 92 1895 6
111 1853 301 1892 thesauris
331 1866 380 1892 ex
407 1854 554 1903 praeda
582 1853 829 1892 clandestina
861 1854 1030 1892 evolvas.
1090 1854 1197 1902 quod
1227 1853 1302 1891 nisi
1332 1852 1438 1901 facis,

111 1919 193 1958 sive
230 1926 271 1957 ut
310 1926 349 1957 et
386 1919 469 1969 ipse
507 1917 547 1956 in
585 1926 694 1968 parte
731 1918 902 1968 praedae
941 1917 1004 1967 sis,
1046 1918 1126 1957 sive
1163 1906 1256 1968 quia
1293 1931 1438 1957 vanum

112 1983 301 2022 indicium
328 1990 398 2028 est,
425 1983 466 2021 in
492 1984 620 2021 vincla
646 1990 685 2022 te
711 1981 802 2020 duci
828 1982 973 2020 iubebo
1000 1995 1074 2020 nec
1095 1981 1238 2023 diutius
1258 1981 1394 2033 patiar,
1416 1995 1441 2021 a

74 2055 151 2099 7te
177 2048 469 2087 multitudinem
497 2047 624 2085 fallaci
653 2060 723 2097 spe
751 2046 973 2085 concitari.‘’
1029 2047 1078 2085 ad
1106 2047 1347 2086 ea‘Manlius
1367 2060 1440 2086 nec

114 2126 155 2151 se
181 2114 363 2152 fefellisse
389 2113 452 2160 ait,
476 2126 557 2152 non
577 2113 764 2151 adversus
784 2113 964 2160 Volscos,
987 2112 1102 2151 toties
1121 2113 1266 2161 hostes,
1288 2111 1440 2162 quoties
1458 2131 1491 2154 30

115 2177 289 2226 patribus
317 2177 509 2227 expediat,
538 2191 612 2216 nec
638 2178 824 2216 adversus
846 2177 1008 2215 Latinos
1030 2178 1318 2227 Hernicosque,
1340 2190 1439 2227 quos

115 2241 218 2279 falsis
239 2241 465 2280 criminibus
485 2243 525 2279 in
551 2255 660 2280 arma
685 2249 812 2291 agant,
835 2242 904 2281 sed
931 2243 1117 2281 adversus
1143 2255 1185 2281 se
1209 2255 1256 2280 ac
1281 2243 1438 2291 plebem
