<?xml version="1.0" encoding="UTF-8"?>
<!DOCTYPE html PUBLIC "-//W3C//DTD XHTML 1.0 Transitional//EN"
    "http://www.w3.org/TR/xhtml1/DTD/xhtml1-transitional.dtd">
<html xmlns="http://www.w3.org/1999/xhtml" xml:lang="en" lang="en">
 <head>
  <title>
</title>
<meta http-equiv="Content-Type" content="text/html;charset=utf-8" />
  <meta name='ocr-system' content='tesseract 3.04.00' />
  <meta name='ocr-capabilities' content='ocr_page ocr_carea ocr_par ocr_line ocrx_word'/>
</head>
<body>
  <div class='ocr_page' id='page_1' title='image "./bookvilivy00livyuoft/bookvilivy00livyuoft_0099.png"; bbox 0 0 1586 2460; ppageno 0'>
   <div class='ocr_carea' id='block_1_1' title="bbox 652 71 1455 127">
    <p class='ocr_par' dir='ltr' id='par_1_1' title="bbox 652 71 1455 127">
     <span class='ocr_line' id='line_1_1' title="bbox 652 71 1455 127; baseline 0.002 -14"><span class='ocrx_word' id='word_1_1' title='bbox 652 78 836 114; x_wconf 58' lang='grc' dir='ltr'>[ΜΕΝ</span> <span class='ocrx_word' id='word_1_2' title='bbox 884 80 945 116; x_wconf 78' lang='lat' dir='ltr'>Vs.</span> <span class='ocrx_word' id='word_1_3' title='bbox 1050 71 1055 81; x_wconf 96' lang='lat'><em>&#39;</em></span> <span class='ocrx_word' id='word_1_4' title='bbox 1409 90 1455 127; x_wconf 82' lang='lat'>57</span> 
     </span>
    </p>
   </div>
   <div class='ocr_carea' id='block_1_2' title="bbox 82 176 1530 2290">
    <p class='ocr_par' dir='ltr' id='par_1_2' title="bbox 133 176 1526 420">
     <span class='ocr_line' id='line_1_2' title="bbox 136 176 1458 228; baseline 0.002 -15"><span class='ocrx_word' id='word_1_5' title='bbox 136 177 241 214; x_wconf 86' lang='lat' dir='ltr'>haud</span> <span class='ocrx_word' id='word_1_6' title='bbox 259 189 330 225; x_wconf 87' lang='lat' dir='ltr'>pro</span> <span class='ocrx_word' id='word_1_7' title='bbox 350 176 473 214; x_wconf 88' lang='lat' dir='ltr'>dubio</span> <span class='ocrx_word' id='word_1_8' title='bbox 493 178 655 215; x_wconf 88' lang='lat' dir='ltr'>consule</span> <span class='ocrx_word' id='word_1_9' title='bbox 671 191 767 224; x_wconf 79' lang='lat' dir='ltr'>esse,</span> <span class='ocrx_word' id='word_1_10' title='bbox 783 179 993 217; x_wconf 70' lang='lat' dir='ltr'>Camillum</span> <span class='ocrx_word' id='word_1_11' title='bbox 1009 182 1058 218; x_wconf 86' lang='lat' dir='ltr'>de</span> <span class='ocrx_word' id='word_1_12' title='bbox 1079 182 1231 228; x_wconf 83' lang='lat' dir='ltr'>repulsa</span> <span class='ocrx_word' id='word_1_13' title='bbox 1249 179 1458 217; x_wconf 82' lang='lat' dir='ltr'>dimicare?</span> 
     </span>
     <span class='ocr_line' id='line_1_3' title="bbox 136 239 1526 292; baseline 0.002 -16"><span class='ocrx_word' id='word_1_14' title='bbox 136 239 275 278; x_wconf 82' lang='lat' dir='ltr'>hocine</span> <span class='ocrx_word' id='word_1_15' title='bbox 303 247 361 278; x_wconf 86' lang='lat' dir='ltr'>est</span> <span class='ocrx_word' id='word_1_16' title='bbox 390 239 429 277; x_wconf 93' lang='lat' dir='ltr'>in</span> <span class='ocrx_word' id='word_1_17' title='bbox 459 253 669 280; x_wconf 89' lang='lat' dir='ltr'>commune</span> <span class='ocrx_word' id='word_1_18' title='bbox 698 243 866 281; x_wconf 87' lang='lat' dir='ltr'>honores</span> <span class='ocrx_word' id='word_1_19' title='bbox 896 255 1045 288; x_wconf 80' lang='lat' dir='ltr'>vocare,</span> <span class='ocrx_word' id='word_1_20' title='bbox 1078 252 1118 281; x_wconf 85' lang='lat' dir='ltr'>ut</span> <span class='ocrx_word' id='word_1_21' title='bbox 1152 244 1252 281; x_wconf 86' lang='lat' dir='ltr'>duos</span> <span class='ocrx_word' id='word_1_22' title='bbox 1283 243 1458 292; x_wconf 85' lang='lat' dir='ltr'>plebeios</span> <span class='ocrx_word' id='word_1_23' title='bbox 1481 245 1526 280; x_wconf 89' lang='lat'>18</span> 
     </span>
     <span class='ocr_line' id='line_1_4' title="bbox 133 303 1458 356; baseline 0.003 -15"><span class='ocrx_word' id='word_1_24' title='bbox 133 303 214 342; x_wconf 91' lang='lat' dir='ltr'>fieri</span> <span class='ocrx_word' id='word_1_25' title='bbox 233 305 415 343; x_wconf 89' lang='lat' dir='ltr'>consules</span> <span class='ocrx_word' id='word_1_26' title='bbox 434 304 558 352; x_wconf 86' lang='lat' dir='ltr'>liceat,</span> <span class='ocrx_word' id='word_1_27' title='bbox 581 307 680 345; x_wconf 86' lang='lat' dir='ltr'>duos</span> <span class='ocrx_word' id='word_1_28' title='bbox 702 307 885 356; x_wconf 81' lang='lat' dir='ltr'>patricios</span> <span class='ocrx_word' id='word_1_29' title='bbox 906 320 985 345; x_wconf 91' lang='lat' dir='ltr'>non</span> <span class='ocrx_word' id='word_1_30' title='bbox 1007 307 1142 346; x_wconf 83' lang='lat' dir='ltr'>liceat?</span> <span class='ocrx_word' id='word_1_31' title='bbox 1173 315 1210 346; x_wconf 88' lang='lat' dir='ltr'>et</span> <span class='ocrx_word' id='word_1_32' title='bbox 1229 309 1392 346; x_wconf 83' lang='lat' dir='ltr'>alterurn</span> <span class='ocrx_word' id='word_1_33' title='bbox 1412 321 1458 346; x_wconf 85' lang='lat' dir='ltr'>ex</span> 
     </span>
     <span class='ocr_line' id='line_1_5' title="bbox 133 368 1457 420; baseline 0.004 -15"><span class='ocrx_word' id='word_1_34' title='bbox 133 368 248 417; x_wconf 89' lang='lat' dir='ltr'>plebe</span> <span class='ocrx_word' id='word_1_35' title='bbox 281 368 399 406; x_wconf 85' lang='lat' dir='ltr'>creari</span> <span class='ocrx_word' id='word_1_36' title='bbox 429 381 589 407; x_wconf 85' lang='lat' dir='ltr'>necesse</span> <span class='ocrx_word' id='word_1_37' title='bbox 622 369 682 416; x_wconf 89' lang='lat' dir='ltr'>sit,</span> <span class='ocrx_word' id='word_1_38' title='bbox 716 377 923 420; x_wconf 84' lang='lat' dir='ltr'>utrumque</span> <span class='ocrx_word' id='word_1_39' title='bbox 961 384 1007 409; x_wconf 84' lang='lat' dir='ltr'>ex</span> <span class='ocrx_word' id='word_1_40' title='bbox 1040 371 1214 420; x_wconf 85' lang='lat' dir='ltr'>patribus</span> <span class='ocrx_word' id='word_1_41' title='bbox 1254 371 1457 420; x_wconf 71' lang='lat' dir='ltr'>praeterire</span> 
     </span>
    </p>

    <p class='ocr_par' dir='ltr' id='par_1_3' title="bbox 102 431 1525 744">
     <span class='ocr_line' id='line_1_6' title="bbox 102 431 1456 485; baseline 0.003 -16"><span class='ocrx_word' id='word_1_42' title='bbox 102 451 116 474; x_wconf 81' lang='lat'><strong>5</strong></span> <span class='ocrx_word' id='word_1_43' title='bbox 135 431 273 471; x_wconf 81' lang='lat' dir='ltr'>liceat?</span> <span class='ocrx_word' id='word_1_44' title='bbox 301 445 495 482; x_wconf 82' lang='lat' dir='ltr'><strong>quaenam</strong></span> <span class='ocrx_word' id='word_1_45' title='bbox 514 433 585 471; x_wconf 80' lang='lat' dir='ltr'>ista</span> <span class='ocrx_word' id='word_1_46' title='bbox 598 433 775 479; x_wconf 78' lang='lat' dir='ltr'>societas,</span> <span class='ocrx_word' id='word_1_47' title='bbox 793 447 987 483; x_wconf 76' lang='lat' dir='ltr'>quaenam</span> <span class='ocrx_word' id='word_1_48' title='bbox 1002 435 1197 473; x_wconf 83' lang='lat' dir='ltr'>consortio</span> <span class='ocrx_word' id='word_1_49' title='bbox 1211 437 1291 473; x_wconf 85' lang='lat' dir='ltr'>cst?</span> <span class='ocrx_word' id='word_1_50' title='bbox 1321 448 1456 485; x_wconf 86' lang='lat' dir='ltr'>parum</span> 
     </span>
     <span class='ocr_line' id='line_1_7' title="bbox 133 497 1455 548; baseline 0.002 -13"><span class='ocrx_word' id='word_1_51' title='bbox 133 505 202 543; x_wconf 87' lang='lat' dir='ltr'>est,</span> <span class='ocrx_word' id='word_1_52' title='bbox 224 497 267 545; x_wconf 88' lang='lat' dir='ltr'>si,</span> <span class='ocrx_word' id='word_1_53' title='bbox 288 497 398 536; x_wconf 88' lang='lat' dir='ltr'>cuius</span> <span class='ocrx_word' id='word_1_54' title='bbox 418 510 506 547; x_wconf 86' lang='lat' dir='ltr'>pars</span> <span class='ocrx_word' id='word_1_55' title='bbox 526 505 593 535; x_wconf 88' lang='lat' dir='ltr'>tua</span> <span class='ocrx_word' id='word_1_56' title='bbox 613 500 718 536; x_wconf 88' lang='lat' dir='ltr'>nulla</span> <span class='ocrx_word' id='word_1_57' title='bbox 737 500 866 537; x_wconf 87' lang='lat' dir='ltr'>adhuc</span> <span class='ocrx_word' id='word_1_58' title='bbox 886 499 966 545; x_wconf 82' lang='lat' dir='ltr'>fuit,</span> <span class='ocrx_word' id='word_1_59' title='bbox 989 499 1028 537; x_wconf 90' lang='lat' dir='ltr'>in</span> <span class='ocrx_word' id='word_1_60' title='bbox 1049 508 1197 548; x_wconf 82' lang='lat' dir='ltr'>partem</span> <span class='ocrx_word' id='word_1_61' title='bbox 1227 499 1307 538; x_wconf 87' lang='lat' dir='ltr'>eius</span> <span class='ocrx_word' id='word_1_62' title='bbox 1336 499 1455 546; x_wconf 89' lang='lat' dir='ltr'>venis,</span> 
     </span>
     <span class='ocr_line' id='line_1_8' title="bbox 135 562 1525 615; baseline 0.002 -14"><span class='ocrx_word' id='word_1_63' title='bbox 135 562 207 601; x_wconf 89' lang='lat' dir='ltr'>nisi</span> <span class='ocrx_word' id='word_1_64' title='bbox 241 571 392 614; x_wconf 90' lang='lat' dir='ltr'>partem</span> <span class='ocrx_word' id='word_1_65' title='bbox 425 564 598 613; x_wconf 82' lang='lat' dir='ltr'>petendo</span> <span class='ocrx_word' id='word_1_66' title='bbox 630 572 754 602; x_wconf 87' lang='lat' dir='ltr'>totum</span> <span class='ocrx_word' id='word_1_67' title='bbox 791 565 968 603; x_wconf 74' lang='lat' dir='ltr'>traxeris?</span> <span class='ocrx_word' id='word_1_68' title='bbox 1027 565 1178 603; x_wconf 85' lang='lat' dir='ltr'>‘timeo’</span> <span class='ocrx_word' id='word_1_69' title='bbox 1207 564 1342 614; x_wconf 83' lang='lat' dir='ltr'>inquit,</span> <span class='ocrx_word' id='word_1_70' title='bbox 1376 568 1454 612; x_wconf 89' lang='lat' dir='ltr'>‘ne,</span> <span class='ocrx_word' id='word_1_71' title='bbox 1480 580 1525 615; x_wconf 88' lang='lat'>19</span> 
     </span>
     <span class='ocr_line' id='line_1_9' title="bbox 133 628 1456 680; baseline 0.002 -14"><span class='ocrx_word' id='word_1_72' title='bbox 133 628 165 666; x_wconf 88' lang='lat' dir='ltr'>si</span> <span class='ocrx_word' id='word_1_73' title='bbox 194 629 294 667; x_wconf 88' lang='lat' dir='ltr'>duos</span> <span class='ocrx_word' id='word_1_74' title='bbox 320 628 452 668; x_wconf 83' lang='lat' dir='ltr'>licebit</span> <span class='ocrx_word' id='word_1_75' title='bbox 480 629 600 667; x_wconf 89' lang='lat' dir='ltr'>creari</span> <span class='ocrx_word' id='word_1_76' title='bbox 628 629 822 679; x_wconf 86' lang='lat' dir='ltr'>patricios,</span> <span class='ocrx_word' id='word_1_77' title='bbox 845 630 1043 668; x_wconf 88' lang='lat' dir='ltr'>neminem</span> <span class='ocrx_word' id='word_1_78' title='bbox 1072 630 1208 668; x_wconf 83' lang='lat' dir='ltr'>creetis</span> <span class='ocrx_word' id='word_1_79' title='bbox 1235 630 1456 680; x_wconf 66' lang='lat' dir='ltr'>plebeium!</span> 
     </span>
     <span class='ocr_line' id='line_1_10' title="bbox 133 692 1455 744; baseline 0.002 -13"><span class='ocrx_word' id='word_1_80' title='bbox 133 692 226 743; x_wconf 91' lang='lat' dir='ltr'>quid</span> <span class='ocrx_word' id='word_1_81' title='bbox 247 701 305 732; x_wconf 88' lang='lat' dir='ltr'>est</span> <span class='ocrx_word' id='word_1_82' title='bbox 325 693 456 732; x_wconf 82' lang='lat' dir='ltr'><strong>dicere</strong></span> <span class='ocrx_word' id='word_1_83' title='bbox 481 694 604 732; x_wconf 89' lang='lat' dir='ltr'>aliud:</span> <span class='ocrx_word' id='word_1_84' title='bbox 637 693 746 742; x_wconf 80' lang='lat' dir='ltr'>‘quia</span> <span class='ocrx_word' id='word_1_85' title='bbox 772 694 952 744; x_wconf 85' lang='lat' dir='ltr'>indignos</span> <span class='ocrx_word' id='word_1_86' title='bbox 977 704 1102 732; x_wconf 82' lang='lat' dir='ltr'>vestra</span> <span class='ocrx_word' id='word_1_87' title='bbox 1128 696 1327 733; x_wconf 83' lang='lat' dir='ltr'>voluntate</span> <span class='ocrx_word' id='word_1_88' title='bbox 1354 707 1455 733; x_wconf 84' lang='lat' dir='ltr'>crea-</span> 
     </span>
    </p>

    <p class='ocr_par' dir='ltr' id='par_1_4' title="bbox 85 758 1530 1067">
     <span class='ocr_line' id='line_1_11' title="bbox 85 758 1452 807; baseline 0.001 -13"><span class='ocrx_word' id='word_1_89' title='bbox 85 778 116 794; x_wconf 78' lang='grc' dir='ltr'>ιο</span> <span class='ocrx_word' id='word_1_90' title='bbox 133 758 208 797; x_wconf 90' lang='lat' dir='ltr'>turi</span> <span class='ocrx_word' id='word_1_91' title='bbox 233 771 314 797; x_wconf 90' lang='lat' dir='ltr'>non</span> <span class='ocrx_word' id='word_1_92' title='bbox 342 758 444 806; x_wconf 83' lang='lat' dir='ltr'>estis,</span> <span class='ocrx_word' id='word_1_93' title='bbox 470 758 744 796; x_wconf 82' lang='lat' dir='ltr'>necessitatem</span> <span class='ocrx_word' id='word_1_94' title='bbox 771 758 882 796; x_wconf 85' lang='lat' dir='ltr'>vobis</span> <span class='ocrx_word' id='word_1_95' title='bbox 909 758 1075 804; x_wconf 80' lang='lat' dir='ltr'>creandi,</span> <span class='ocrx_word' id='word_1_96' title='bbox 1098 771 1196 807; x_wconf 88' lang='lat' dir='ltr'>quos</span> <span class='ocrx_word' id='word_1_97' title='bbox 1224 772 1303 796; x_wconf 93' lang='lat' dir='ltr'>non</span> <span class='ocrx_word' id='word_1_98' title='bbox 1325 759 1452 804; x_wconf 84' lang='lat' dir='ltr'>vultis,</span> 
     </span>
     <span class='ocr_line' id='line_1_12' title="bbox 133 823 1521 874; baseline -0.001 -12"><span class='ocrx_word' id='word_1_99' title='bbox 133 823 380 874; x_wconf 78' lang='lat' dir='ltr'>imponam&#39;?</span> <span class='ocrx_word' id='word_1_100' title='bbox 434 823 530 873; x_wconf 87' lang='lat' dir='ltr'>quid</span> <span class='ocrx_word' id='word_1_101' title='bbox 556 824 740 873; x_wconf 81' lang='lat' dir='ltr'>sequitur,</span> <span class='ocrx_word' id='word_1_102' title='bbox 771 823 843 861; x_wconf 79' lang='lat' dir='ltr'>nisi</span> <span class='ocrx_word' id='word_1_103' title='bbox 875 831 916 862; x_wconf 91' lang='lat' dir='ltr'>ut</span> <span class='ocrx_word' id='word_1_104' title='bbox 947 837 996 862; x_wconf 89' lang='lat' dir='ltr'>ne</span> <span class='ocrx_word' id='word_1_105' title='bbox 1028 824 1260 861; x_wconf 81' lang='lat' dir='ltr'>beneficium</span> <span class='ocrx_word' id='word_1_106' title='bbox 1293 823 1450 872; x_wconf 80' lang='lat' dir='ltr'>quidem</span> <span class='ocrx_word' id='word_1_107' title='bbox 1475 838 1521 861; x_wconf 86' lang='lat'>20</span> 
     </span>
     <span class='ocr_line' id='line_1_13' title="bbox 133 887 1449 938; baseline -0.002 -11"><span class='ocrx_word' id='word_1_108' title='bbox 133 889 276 927; x_wconf 89' lang='lat' dir='ltr'>debeat</span> <span class='ocrx_word' id='word_1_109' title='bbox 291 889 452 938; x_wconf 87' lang='lat' dir='ltr'>populo,</span> <span class='ocrx_word' id='word_1_110' title='bbox 468 887 600 926; x_wconf 87' lang='lat' dir='ltr'>sicum</span> <span class='ocrx_word' id='word_1_111' title='bbox 614 889 768 927; x_wconf 86' lang='lat' dir='ltr'>duobus</span> <span class='ocrx_word' id='word_1_112' title='bbox 788 887 955 937; x_wconf 87' lang='lat' dir='ltr'>patriciis</span> <span class='ocrx_word' id='word_1_113' title='bbox 971 901 1070 925; x_wconf 82' lang='lat' dir='ltr'>unus</span> <span class='ocrx_word' id='word_1_114' title='bbox 1091 888 1242 937; x_wconf 84' lang='lat' dir='ltr'>petierit</span> <span class='ocrx_word' id='word_1_115' title='bbox 1264 888 1449 936; x_wconf 85' lang='lat' dir='ltr'>plebeius,</span> 
     </span>
     <span class='ocr_line' id='line_1_14' title="bbox 132 950 1530 1003; baseline -0.001 -12"><span class='ocrx_word' id='word_1_116' title='bbox 132 960 172 991; x_wconf 89' lang='lat' dir='ltr'>et</span> <span class='ocrx_word' id='word_1_117' title='bbox 202 953 288 1002; x_wconf 86' lang='lat' dir='ltr'>lege</span> <span class='ocrx_word' id='word_1_118' title='bbox 317 966 368 1000; x_wconf 89' lang='lat' dir='ltr'>se,</span> <span class='ocrx_word' id='word_1_119' title='bbox 402 966 482 992; x_wconf 89' lang='lat' dir='ltr'>non</span> <span class='ocrx_word' id='word_1_120' title='bbox 513 953 693 1003; x_wconf 86' lang='lat' dir='ltr'>suffragio</span> <span class='ocrx_word' id='word_1_121' title='bbox 722 960 894 991; x_wconf 86' lang='lat' dir='ltr'>creatum</span> <span class='ocrx_word' id='word_1_122' title='bbox 923 952 1050 990; x_wconf 83' lang='lat' dir='ltr'>dicat?</span> <span class='ocrx_word' id='word_1_123' title='bbox 1104 953 1305 1001; x_wconf 83' lang='lat' dir='ltr'>quomodo</span> <span class='ocrx_word' id='word_1_124' title='bbox 1333 959 1453 990; x_wconf 83' lang='lat' dir='ltr'>extor-</span> <span class='ocrx_word' id='word_1_125' title='bbox 1471 950 1530 993; x_wconf 89' lang='lat'>41</span> 
     </span>
     <span class='ocr_line' id='line_1_15' title="bbox 131 1016 1456 1067; baseline 0 -13"><span class='ocrx_word' id='word_1_126' title='bbox 131 1025 288 1065; x_wconf 83' lang='lat' dir='ltr'>queant,</span> <span class='ocrx_word' id='word_1_127' title='bbox 327 1030 408 1055; x_wconf 88' lang='lat' dir='ltr'>non</span> <span class='ocrx_word' id='word_1_128' title='bbox 446 1018 648 1067; x_wconf 86' lang='lat' dir='ltr'>quomodo</span> <span class='ocrx_word' id='word_1_129' title='bbox 685 1025 819 1067; x_wconf 80' lang='lat' dir='ltr'>petant</span> <span class='ocrx_word' id='word_1_130' title='bbox 859 1018 1037 1064; x_wconf 70' lang='lat' dir='ltr'>honores,</span> <span class='ocrx_word' id='word_1_131' title='bbox 1077 1024 1283 1065; x_wconf 62' lang='lat' dir='ltr'>quaeruntJ</span> <span class='ocrx_word' id='word_1_132' title='bbox 1326 1023 1364 1054; x_wconf 89' lang='lat' dir='ltr'>et</span> <span class='ocrx_word' id='word_1_133' title='bbox 1402 1016 1456 1054; x_wconf 84' lang='lat' dir='ltr'>ita</span> 
     </span>
    </p>

    <p class='ocr_par' dir='ltr' id='par_1_5' title="bbox 87 1079 1493 1389">
     <span class='ocr_line' id='line_1_16' title="bbox 87 1079 1455 1131; baseline 0.001 -15"><span class='ocrx_word' id='word_1_134' title='bbox 87 1099 115 1122; x_wconf 87' lang='lat'>15</span> <span class='ocrx_word' id='word_1_135' title='bbox 133 1081 300 1120; x_wconf 88' lang='lat' dir='ltr'>maxima</span> <span class='ocrx_word' id='word_1_136' title='bbox 333 1089 423 1120; x_wconf 87' lang='lat' dir='ltr'>sunt</span> <span class='ocrx_word' id='word_1_137' title='bbox 455 1081 645 1131; x_wconf 79' lang='lat' dir='ltr'>adepturi,</span> <span class='ocrx_word' id='word_1_138' title='bbox 681 1089 723 1119; x_wconf 87' lang='lat' dir='ltr'>ut</span> <span class='ocrx_word' id='word_1_139' title='bbox 762 1081 855 1119; x_wconf 85' lang='lat' dir='ltr'>nihil</span> <span class='ocrx_word' id='word_1_140' title='bbox 895 1094 943 1119; x_wconf 91' lang='lat' dir='ltr'>ne</span> <span class='ocrx_word' id='word_1_141' title='bbox 981 1093 1051 1130; x_wconf 90' lang='lat' dir='ltr'>pro</span> <span class='ocrx_word' id='word_1_142' title='bbox 1090 1079 1258 1118; x_wconf 85' lang='lat' dir='ltr'>minimis</span> <span class='ocrx_word' id='word_1_143' title='bbox 1298 1079 1455 1129; x_wconf 87' lang='lat' dir='ltr'>quidem</span> 
     </span>
     <span class='ocr_line' id='line_1_17' title="bbox 131 1145 1456 1196; baseline -0.003 -11"><span class='ocrx_word' id='word_1_144' title='bbox 131 1147 322 1193; x_wconf 81' lang='lat' dir='ltr'>debeant3</span> <span class='ocrx_word' id='word_1_145' title='bbox 350 1154 388 1185; x_wconf 88' lang='lat' dir='ltr'>et</span> <span class='ocrx_word' id='word_1_146' title='bbox 404 1146 675 1185; x_wconf 76' lang='lat' dir='ltr'>occasionibus</span> <span class='ocrx_word' id='word_1_147' title='bbox 692 1147 821 1196; x_wconf 87' lang='lat' dir='ltr'>potius</span> <span class='ocrx_word' id='word_1_148' title='bbox 842 1158 960 1195; x_wconf 78' lang='lat' dir='ltr'>quam</span> <span class='ocrx_word' id='word_1_149' title='bbox 976 1145 1114 1183; x_wconf 87' lang='lat' dir='ltr'>virtute</span> <span class='ocrx_word' id='word_1_150' title='bbox 1135 1152 1266 1194; x_wconf 86' lang='lat' dir='ltr'>petere</span> <span class='ocrx_word' id='word_1_151' title='bbox 1287 1145 1456 1182; x_wconf 83' lang='lat' dir='ltr'>honores</span> 
     </span>
     <span class='ocr_line' id='line_1_18' title="bbox 133 1208 1493 1260; baseline -0.002 -11"><span class='ocrx_word' id='word_1_152' title='bbox 133 1212 291 1249; x_wconf 89' lang='lat' dir='ltr'>malunt.</span> <span class='ocrx_word' id='word_1_153' title='bbox 348 1219 407 1250; x_wconf 83' lang='lat' dir='ltr'>est</span> <span class='ocrx_word' id='word_1_154' title='bbox 435 1210 585 1260; x_wconf 84' lang='lat' dir='ltr'>aliquis,</span> <span class='ocrx_word' id='word_1_155' title='bbox 611 1211 678 1260; x_wconf 88' lang='lat' dir='ltr'>qui</span> <span class='ocrx_word' id='word_1_156' title='bbox 708 1223 749 1249; x_wconf 84' lang='lat' dir='ltr'>se</span> <span class='ocrx_word' id='word_1_157' title='bbox 778 1209 928 1259; x_wconf 79' lang='lat' dir='ltr'>inspici,</span> <span class='ocrx_word' id='word_1_158' title='bbox 958 1209 1151 1247; x_wconf 73' lang='lat' dir='ltr'>aestimari</span> <span class='ocrx_word' id='word_1_159' title='bbox 1181 1208 1361 1252; x_wconf 76' lang='lat' dir='ltr'>fastidiat,</span> <span class='ocrx_word' id='word_1_160' title='bbox 1388 1208 1454 1258; x_wconf 89' lang='lat' dir='ltr'>qui</span> <span class='ocrx_word' id='word_1_161' title='bbox 1477 1224 1493 1246; x_wconf 88' lang='lat'>2</span> 
     </span>
     <span class='ocr_line' id='line_1_19' title="bbox 132 1273 1454 1322; baseline -0.003 -9"><span class='ocrx_word' id='word_1_162' title='bbox 132 1283 260 1314; x_wconf 87' lang='lat' dir='ltr'>certos</span> <span class='ocrx_word' id='word_1_163' title='bbox 278 1275 353 1314; x_wconf 79' lang='lat' dir='ltr'>sibi</span> <span class='ocrx_word' id='word_1_164' title='bbox 372 1275 438 1314; x_wconf 90' lang='lat' dir='ltr'>uni</span> <span class='ocrx_word' id='word_1_165' title='bbox 453 1277 622 1314; x_wconf 83' lang='lat' dir='ltr'>honores</span> <span class='ocrx_word' id='word_1_166' title='bbox 636 1275 736 1314; x_wconf 87' lang='lat' dir='ltr'>inter</span> <span class='ocrx_word' id='word_1_167' title='bbox 751 1274 981 1313; x_wconf 76' lang='lat' dir='ltr'>dimicantes</span> <span class='ocrx_word' id='word_1_168' title='bbox 994 1273 1271 1322; x_wconf 79' lang='lat' dir='ltr'>competitores</span> <span class='ocrx_word' id='word_1_169' title='bbox 1285 1285 1454 1321; x_wconf 87' lang='lat' dir='ltr'>aequum</span> 
     </span>
     <span class='ocr_line' id='line_1_20' title="bbox 131 1336 1454 1389; baseline -0.005 -11"><span class='ocrx_word' id='word_1_170' title='bbox 131 1347 290 1378; x_wconf 84' lang='lat' dir='ltr'>censeat</span> <span class='ocrx_word' id='word_1_171' title='bbox 309 1353 406 1386; x_wconf 86' lang='lat' dir='ltr'>esse,</span> <span class='ocrx_word' id='word_1_172' title='bbox 427 1339 494 1389; x_wconf 91' lang='lat' dir='ltr'>qui</span> <span class='ocrx_word' id='word_1_173' title='bbox 520 1353 561 1378; x_wconf 88' lang='lat' dir='ltr'>se</span> <span class='ocrx_word' id='word_1_174' title='bbox 581 1339 738 1378; x_wconf 77' lang='lat' dir='ltr'>arbitrio</span> <span class='ocrx_word' id='word_1_175' title='bbox 758 1347 885 1376; x_wconf 82' lang='lat' dir='ltr'>vestro</span> <span class='ocrx_word' id='word_1_176' title='bbox 912 1338 1066 1383; x_wconf 74' lang='lat' dir='ltr'>eximat,</span> <span class='ocrx_word' id='word_1_177' title='bbox 1089 1336 1154 1385; x_wconf 87' lang='lat' dir='ltr'>qui</span> <span class='ocrx_word' id='word_1_178' title='bbox 1175 1343 1299 1374; x_wconf 85' lang='lat' dir='ltr'>vestra</span> <span class='ocrx_word' id='word_1_179' title='bbox 1325 1348 1454 1373; x_wconf 90' lang='lat' dir='ltr'>neces-</span> 
     </span>
    </p>

    <p class='ocr_par' dir='ltr' id='par_1_6' title="bbox 83 1401 1494 1715">
     <span class='ocr_line' id='line_1_21' title="bbox 83 1401 1449 1454; baseline -0.004 -11"><span class='ocrx_word' id='word_1_180' title='bbox 83 1428 116 1444; x_wconf 91' lang='lat'>20</span> <span class='ocrx_word' id='word_1_181' title='bbox 132 1404 231 1443; x_wconf 85' lang='lat' dir='ltr'>saria</span> <span class='ocrx_word' id='word_1_182' title='bbox 264 1404 443 1454; x_wconf 84' lang='lat' dir='ltr'>suffragia</span> <span class='ocrx_word' id='word_1_183' title='bbox 475 1418 546 1454; x_wconf 91' lang='lat' dir='ltr'>pro</span> <span class='ocrx_word' id='word_1_184' title='bbox 578 1404 804 1442; x_wconf 82' lang='lat' dir='ltr'>voluntariis</span> <span class='ocrx_word' id='word_1_185' title='bbox 838 1411 877 1441; x_wconf 92' lang='lat' dir='ltr'>et</span> <span class='ocrx_word' id='word_1_186' title='bbox 915 1416 1022 1441; x_wconf 84' lang='lat' dir='ltr'>serva</span> <span class='ocrx_word' id='word_1_187' title='bbox 1056 1415 1126 1451; x_wconf 86' lang='lat' dir='ltr'>pro</span> <span class='ocrx_word' id='word_1_188' title='bbox 1159 1401 1288 1439; x_wconf 84' lang='lat' dir='ltr'>liberis</span> <span class='ocrx_word' id='word_1_189' title='bbox 1326 1401 1449 1438; x_wconf 84' lang='lat' dir='ltr'>faeiat.</span> 
     </span>
     <span class='ocr_line' id='line_1_22' title="bbox 132 1465 1494 1519; baseline -0.004 -12"><span class='ocrx_word' id='word_1_190' title='bbox 132 1469 271 1508; x_wconf 91' lang='lat' dir='ltr'>omitto</span> <span class='ocrx_word' id='word_1_191' title='bbox 305 1469 501 1508; x_wconf 88' lang='lat' dir='ltr'>Licinium</span> <span class='ocrx_word' id='word_1_192' title='bbox 536 1470 800 1519; x_wconf 79' lang='lat' dir='ltr'>Sextiumque‚</span> <span class='ocrx_word' id='word_1_193' title='bbox 835 1480 1002 1517; x_wconf 84' lang='lat' dir='ltr'>quorum</span> <span class='ocrx_word' id='word_1_194' title='bbox 1035 1479 1159 1504; x_wconf 84' lang='lat' dir='ltr'>annos</span> <span class='ocrx_word' id='word_1_195' title='bbox 1197 1465 1236 1502; x_wconf 88' lang='lat' dir='ltr'>in</span> <span class='ocrx_word' id='word_1_196' title='bbox 1270 1472 1454 1514; x_wconf 87' lang='lat' dir='ltr'>perpetua</span> <span class='ocrx_word' id='word_1_197' title='bbox 1474 1481 1494 1516; x_wconf 86' lang='lat'>3</span> 
     </span>
     <span class='ocr_line' id='line_1_23' title="bbox 132 1530 1454 1586; baseline -0.004 -12"><span class='ocrx_word' id='word_1_198' title='bbox 132 1543 327 1585; x_wconf 80' lang='lat' dir='ltr'>potestate</span> <span class='ocrx_word' id='word_1_199' title='bbox 353 1544 541 1586; x_wconf 80' lang='lat' dir='ltr'>tanquam</span> <span class='ocrx_word' id='word_1_200' title='bbox 568 1549 702 1586; x_wconf 84' lang='lat' dir='ltr'>regum</span> <span class='ocrx_word' id='word_1_201' title='bbox 730 1536 769 1573; x_wconf 94' lang='lat' dir='ltr'>in</span> <span class='ocrx_word' id='word_1_202' title='bbox 801 1533 998 1583; x_wconf 83' lang='lat' dir='ltr'>Capitolio</span> <span class='ocrx_word' id='word_1_203' title='bbox 1026 1531 1236 1570; x_wconf 88' lang='lat' dir='ltr'>numeratis</span> <span class='ocrx_word' id='word_1_204' title='bbox 1244 1545 1254 1579; x_wconf 78' lang='lat'><em>3</em></span> <span class='ocrx_word' id='word_1_205' title='bbox 1284 1530 1371 1579; x_wconf 84' lang='lat' dir='ltr'>quis</span> <span class='ocrx_word' id='word_1_206' title='bbox 1397 1539 1454 1569; x_wconf 84' lang='lat' dir='ltr'>est</span> 
     </span>
     <span class='ocr_line' id='line_1_24' title="bbox 133 1596 1452 1647; baseline -0.004 -11"><span class='ocrx_word' id='word_1_207' title='bbox 133 1600 250 1639; x_wconf 91' lang='lat' dir='ltr'>hodie</span> <span class='ocrx_word' id='word_1_208' title='bbox 279 1600 319 1638; x_wconf 88' lang='lat' dir='ltr'>in</span> <span class='ocrx_word' id='word_1_209' title='bbox 347 1599 502 1639; x_wconf 86' lang='lat' dir='ltr'>civitate</span> <span class='ocrx_word' id='word_1_210' title='bbox 531 1608 611 1638; x_wconf 86' lang='lat' dir='ltr'>tam</span> <span class='ocrx_word' id='word_1_211' title='bbox 640 1599 808 1647; x_wconf 87' lang='lat' dir='ltr'>humilis,</span> <span class='ocrx_word' id='word_1_212' title='bbox 842 1598 904 1636; x_wconf 89' lang='lat' dir='ltr'>cui</span> <span class='ocrx_word' id='word_1_213' title='bbox 934 1610 1012 1635; x_wconf 89' lang='lat' dir='ltr'>non</span> <span class='ocrx_word' id='word_1_214' title='bbox 1043 1596 1102 1634; x_wconf 85' lang='lat' dir='ltr'>via</span> <span class='ocrx_word' id='word_1_215' title='bbox 1131 1597 1187 1634; x_wconf 84' lang='lat' dir='ltr'>ad&#39;</span> <span class='ocrx_word' id='word_1_216' title='bbox 1208 1596 1452 1634; x_wconf 81' lang='lat' dir='ltr'>consulatum</span> 
     </span>
     <span class='ocr_line' id='line_1_25' title="bbox 131 1659 1453 1715; baseline -0.005 -12"><span class='ocrx_word' id='word_1_217' title='bbox 131 1664 281 1703; x_wconf 86' lang='lat' dir='ltr'>facilior</span> <span class='ocrx_word' id='word_1_218' title='bbox 308 1678 377 1714; x_wconf 90' lang='lat' dir='ltr'>per</span> <span class='ocrx_word' id='word_1_219' title='bbox 404 1664 514 1704; x_wconf 86' lang='lat' dir='ltr'>istius</span> <span class='ocrx_word' id='word_1_220' title='bbox 542 1664 637 1715; x_wconf 86' lang='lat' dir='ltr'>legis</span> <span class='ocrx_word' id='word_1_221' title='bbox 666 1664 914 1703; x_wconf 83' lang='lat' dir='ltr'>occasionem</span> <span class='ocrx_word' id='word_1_222' title='bbox 944 1675 1061 1712; x_wconf 88' lang='lat' dir='ltr'>quam</span> <span class='ocrx_word' id='word_1_223' title='bbox 1100 1660 1213 1698; x_wconf 86' lang='lat' dir='ltr'>nobis</span> <span class='ocrx_word' id='word_1_224' title='bbox 1246 1673 1292 1698; x_wconf 88' lang='lat' dir='ltr'>ac</span> <span class='ocrx_word' id='word_1_225' title='bbox 1325 1659 1453 1698; x_wconf 87' lang='lat' dir='ltr'>liberis</span> 
     </span>
    </p>

    <p class='ocr_par' dir='ltr' id='par_1_7' title="bbox 83 1724 1496 2029">
     <span class='ocr_line' id='line_1_26' title="bbox 83 1724 1454 1778; baseline -0.004 -13"><span class='ocrx_word' id='word_1_226' title='bbox 83 1747 114 1771; x_wconf 83' lang='lat'>25</span> <span class='ocrx_word' id='word_1_227' title='bbox 132 1729 273 1768; x_wconf 88' lang='lat' dir='ltr'>nostris</span> <span class='ocrx_word' id='word_1_228' title='bbox 291 1730 382 1769; x_wconf 87' lang='lat' dir='ltr'>fiat?</span> <span class='ocrx_word' id='word_1_229' title='bbox 410 1729 441 1767; x_wconf 86' lang='lat' dir='ltr'>si</span> <span class='ocrx_word' id='word_1_230' title='bbox 467 1729 626 1778; x_wconf 88' lang='lat' dir='ltr'>quidem</span> <span class='ocrx_word' id='word_1_231' title='bbox 650 1742 721 1767; x_wconf 89' lang='lat' dir='ltr'>nos</span> <span class='ocrx_word' id='word_1_232' title='bbox 749 1741 797 1766; x_wconf 87' lang='lat' dir='ltr'>ne</span> <span class='ocrx_word' id='word_1_233' title='bbox 818 1740 907 1765; x_wconf 89' lang='lat' dir='ltr'>cum</span> <span class='ocrx_word' id='word_1_234' title='bbox 928 1724 1125 1764; x_wconf 85' lang='lat' dir='ltr'>volueritis</span> <span class='ocrx_word' id='word_1_235' title='bbox 1146 1724 1304 1773; x_wconf 84' lang='lat' dir='ltr'>quidem</span> <span class='ocrx_word' id='word_1_236' title='bbox 1326 1736 1454 1761; x_wconf 85' lang='lat' dir='ltr'>creare</span> 
     </span>
     <span class='ocr_line' id='line_1_27' title="bbox 131 1787 1496 1845; baseline -0.007 -12"><span class='ocrx_word' id='word_1_237' title='bbox 131 1795 325 1834; x_wconf 86' lang='lat' dir='ltr'>interdum</span> <span class='ocrx_word' id='word_1_238' title='bbox 353 1793 542 1845; x_wconf 88' lang='lat' dir='ltr'>poteritis,</span> <span class='ocrx_word' id='word_1_239' title='bbox 563 1794 667 1839; x_wconf 80' lang='lat' dir='ltr'>istos,</span> <span class='ocrx_word' id='word_1_240' title='bbox 689 1791 838 1831; x_wconf 88' lang='lat' dir='ltr'>etiamsi</span> <span class='ocrx_word' id='word_1_241' title='bbox 860 1789 1069 1832; x_wconf 68' lang='lat' dir='ltr'>nolueritis,</span> <span class='ocrx_word' id='word_1_242' title='bbox 1093 1801 1251 1826; x_wconf 81' lang='lat' dir='ltr'>necesse</span> <span class='ocrx_word' id='word_1_243' title='bbox 1273 1787 1352 1825; x_wconf 88' lang='lat' dir='ltr'>erit.</span> <span class='ocrx_word' id='word_1_244' title='bbox 1404 1788 1453 1825; x_wconf 84' lang='lat' dir='ltr'>de</span> <span class='ocrx_word' id='word_1_245' title='bbox 1473 1804 1496 1836; x_wconf 84' lang='lat'><strong>4</strong></span> 
     </span>
     <span class='ocr_line' id='line_1_28' title="bbox 139 1849 1449 1908; baseline -0.006 -12"><span class='ocrx_word' id='word_1_246' title='bbox 139 1858 367 1908; x_wconf 83' lang='lat' dir='ltr'>indignitate</span> <span class='ocrx_word' id='word_1_247' title='bbox 402 1857 493 1895; x_wconf 84' lang='lat' dir='ltr'>satis</span> <span class='ocrx_word' id='word_1_248' title='bbox 522 1856 667 1895; x_wconf 88' lang='lat' dir='ltr'>dictum</span> <span class='ocrx_word' id='word_1_249' title='bbox 700 1862 783 1903; x_wconf 78' lang='lat' dir='ltr'>est;</span> <span class='ocrx_word' id='word_1_250' title='bbox 822 1853 964 1893; x_wconf 88' lang='lat' dir='ltr'>etenim</span> <span class='ocrx_word' id='word_1_251' title='bbox 995 1852 1163 1901; x_wconf 84' lang='lat' dir='ltr'>dignitas</span> <span class='ocrx_word' id='word_1_252' title='bbox 1191 1853 1241 1890; x_wconf 87' lang='lat' dir='ltr'>ad</span> <span class='ocrx_word' id='word_1_253' title='bbox 1271 1849 1449 1889; x_wconf 86' lang='lat' dir='ltr'>homines</span> 
     </span>
     <span class='ocr_line' id='line_1_29' title="bbox 139 1915 1448 1971; baseline -0.007 -11"><span class='ocrx_word' id='word_1_254' title='bbox 139 1923 312 1971; x_wconf 80' lang='lat' dir='ltr'>pertinet.</span> <span class='ocrx_word' id='word_1_255' title='bbox 373 1921 467 1970; x_wconf 88' lang='lat' dir='ltr'>quid</span> <span class='ocrx_word' id='word_1_256' title='bbox 487 1922 536 1959; x_wconf 87' lang='lat' dir='ltr'>de</span> <span class='ocrx_word' id='word_1_257' title='bbox 558 1919 806 1970; x_wconf 83' lang='lat' dir='ltr'>religionibus</span> <span class='ocrx_word' id='word_1_258' title='bbox 826 1926 943 1967; x_wconf 85' lang='lat' dir='ltr'>atque</span> <span class='ocrx_word' id='word_1_259' title='bbox 963 1916 1154 1966; x_wconf 80' lang='lat' dir='ltr'>auspiciis,</span> <span class='ocrx_word' id='word_1_260' title='bbox 1179 1929 1278 1965; x_wconf 82' lang='lat' dir='ltr'>quae</span> <span class='ocrx_word' id='word_1_261' title='bbox 1295 1915 1448 1965; x_wconf 87' lang='lat' dir='ltr'>propria</span> 
     </span>
     <span class='ocr_line' id='line_1_30' title="bbox 134 1977 1456 2029; baseline -0.005 -7"><span class='ocrx_word' id='word_1_262' title='bbox 134 1984 298 2022; x_wconf 86' lang='lat' dir='ltr'>deorum</span> <span class='ocrx_word' id='word_1_263' title='bbox 324 1982 601 2021; x_wconf 84' lang='lat' dir='ltr'>immortalium</span> <span class='ocrx_word' id='word_1_264' title='bbox 626 1980 869 2029; x_wconf 90' lang='lat' dir='ltr'>contemptio</span> <span class='ocrx_word' id='word_1_265' title='bbox 894 1986 1012 2028; x_wconf 87' lang='lat' dir='ltr'>atque</span> <span class='ocrx_word' id='word_1_266' title='bbox 1038 1977 1177 2015; x_wconf 86' lang='lat' dir='ltr'>iniuria</span> <span class='ocrx_word' id='word_1_267' title='bbox 1203 1986 1272 2024; x_wconf 84' lang='lat' dir='ltr'>est,</span> <span class='ocrx_word' id='word_1_268' title='bbox 1298 1978 1456 2025; x_wconf 74' lang='lat' dir='ltr'>loquar?</span> 
     </span>
    </p>

    <p class='ocr_par' dir='ltr' id='par_1_8' title="bbox 82 2042 1493 2290">
     <span class='ocr_line' id='line_1_31' title="bbox 82 2042 1455 2097; baseline -0.004 -12"><span class='ocrx_word' id='word_1_269' title='bbox 82 2066 117 2091; x_wconf 80' lang='lat'>³0</span> <span class='ocrx_word' id='word_1_270' title='bbox 132 2046 317 2097; x_wconf 88' lang='lat' dir='ltr'>auspiciis</span> <span class='ocrx_word' id='word_1_271' title='bbox 337 2048 439 2086; x_wconf 86' lang='lat' dir='ltr'>hanc</span> <span class='ocrx_word' id='word_1_272' title='bbox 458 2047 594 2085; x_wconf 90' lang='lat' dir='ltr'>urbem</span> <span class='ocrx_word' id='word_1_273' title='bbox 615 2044 813 2084; x_wconf 85' lang='lat' dir='ltr'>conditam</span> <span class='ocrx_word' id='word_1_274' title='bbox 836 2056 931 2087; x_wconf 85' lang='lat' dir='ltr'>esse,</span> <span class='ocrx_word' id='word_1_275' title='bbox 953 2042 1135 2092; x_wconf 84' lang='lat' dir='ltr'>auspiciis</span> <span class='ocrx_word' id='word_1_276' title='bbox 1158 2043 1260 2080; x_wconf 88' lang='lat' dir='ltr'>bello</span> <span class='ocrx_word' id='word_1_277' title='bbox 1279 2054 1325 2078; x_wconf 89' lang='lat' dir='ltr'>ac</span> <span class='ocrx_word' id='word_1_278' title='bbox 1346 2054 1455 2090; x_wconf 85' lang='lat' dir='ltr'>pace,</span> 
     </span>
     <span class='ocr_line' id='line_1_32' title="bbox 132 2106 1493 2161; baseline -0.007 -10"><span class='ocrx_word' id='word_1_279' title='bbox 132 2111 242 2158; x_wconf 87' lang='lat' dir='ltr'>domi</span> <span class='ocrx_word' id='word_1_280' title='bbox 267 2111 507 2161; x_wconf 87' lang='lat' dir='ltr'>militiaeque</span> <span class='ocrx_word' id='word_1_281' title='bbox 534 2110 665 2149; x_wconf 75' lang='lat' dir='ltr'>omnia</span> <span class='ocrx_word' id='word_1_282' title='bbox 691 2108 781 2158; x_wconf 87' lang='lat' dir='ltr'>geri,</span> <span class='ocrx_word' id='word_1_283' title='bbox 810 2107 896 2157; x_wconf 89' lang='lat' dir='ltr'>quis</span> <span class='ocrx_word' id='word_1_284' title='bbox 922 2115 991 2152; x_wconf 86' lang='lat' dir='ltr'>est,</span> <span class='ocrx_word' id='word_1_285' title='bbox 1014 2106 1080 2156; x_wconf 89' lang='lat' dir='ltr'>qui</span> <span class='ocrx_word' id='word_1_286' title='bbox 1106 2106 1281 2155; x_wconf 85' lang='lat' dir='ltr'>ignoret?</span> <span class='ocrx_word' id='word_1_287' title='bbox 1335 2118 1455 2154; x_wconf 88' lang='lat' dir='ltr'>penes</span> <span class='ocrx_word' id='word_1_288' title='bbox 1474 2123 1493 2159; x_wconf 89' lang='lat'><strong>5</strong></span> 
     </span>
     <span class='ocr_line' id='line_1_33' title="bbox 133 2170 1454 2226; baseline -0.005 -12"><span class='ocrx_word' id='word_1_289' title='bbox 133 2189 232 2226; x_wconf 85' lang='lat' dir='ltr'>quos</span> <span class='ocrx_word' id='word_1_290' title='bbox 263 2175 378 2226; x_wconf 86' lang='lat' dir='ltr'>igitur</span> <span class='ocrx_word' id='word_1_291' title='bbox 409 2183 501 2214; x_wconf 89' lang='lat' dir='ltr'>sunt</span> <span class='ocrx_word' id='word_1_292' title='bbox 532 2173 706 2223; x_wconf 87' lang='lat' dir='ltr'>auspicia</span> <span class='ocrx_word' id='word_1_293' title='bbox 739 2184 847 2210; x_wconf 87' lang='lat' dir='ltr'>more</span> <span class='ocrx_word' id='word_1_294' title='bbox 885 2170 1098 2208; x_wconf 82' lang='lat' dir='ltr'>maiorum?</span> <span class='ocrx_word' id='word_1_295' title='bbox 1155 2183 1297 2219; x_wconf 87' lang='lat' dir='ltr'>nempe</span> <span class='ocrx_word' id='word_1_296' title='bbox 1334 2182 1454 2219; x_wconf 89' lang='lat' dir='ltr'>penes</span> 
     </span>
     <span class='ocr_line' id='line_1_34' title="bbox 133 2233 1454 2290; baseline -0.005 -12"><span class='ocrx_word' id='word_1_297' title='bbox 133 2249 282 2290; x_wconf 85' lang='lat' dir='ltr'>patres;</span> <span class='ocrx_word' id='word_1_298' title='bbox 312 2253 402 2277; x_wconf 87' lang='lat' dir='ltr'>nam</span> <span class='ocrx_word' id='word_1_299' title='bbox 432 2238 607 2289; x_wconf 81' lang='lat' dir='ltr'>plebeius</span> <span class='ocrx_word' id='word_1_300' title='bbox 634 2237 794 2287; x_wconf 87' lang='lat' dir='ltr'>quidem</span> <span class='ocrx_word' id='word_1_301' title='bbox 822 2235 1068 2286; x_wconf 80' lang='lat' dir='ltr'>magistratus</span> <span class='ocrx_word' id='word_1_302' title='bbox 1095 2235 1223 2272; x_wconf 88' lang='lat' dir='ltr'>nullus</span> <span class='ocrx_word' id='word_1_303' title='bbox 1250 2233 1454 2283; x_wconf 79' lang='lat' dir='ltr'>auspicato</span> 
     </span>
    </p>
   </div>
  </div>
 </body>
</html>
