1586 2460
115 93 160 129 32
699 75 859 111 LlVll

115 188 152 217 ct
173 180 211 217 in
234 180 415 216 Romano
436 176 608 214 exercitu
629 183 709 213 erat
731 182 769 212 et
791 174 829 211 in
849 175 971 211 altero
991 173 1103 220 duce,
1127 186 1201 212 nec
1227 172 1441 223 praesentis

115 241 375 282 dimicationis
423 242 616 279 fortunam
666 240 745 277 ulla
787 251 849 276 res
894 245 1165 287 praeterquam
1211 238 1325 276 unius
1371 237 1443 276 viri

115 306 319 346 consilium
367 312 484 354 atque
533 303 735 354 imperium
787 303 1023 349 morabatur,
1075 301 1141 352 qui
1191 302 1442 342 occasionem

76 387 93 410 2
116 372 370 409 iuvandarum
405 369 555 407 ratione
589 368 726 406 virium
757 368 949 406 trahendo
979 368 1083 405 bello
1113 369 1336 417 quaerebat.
1396 381 1443 406 eo
1470 364 1472 366 ’

117 436 238 485 inagis
276 435 398 472 hostis
436 434 591 481 instare,
632 446 703 471 nec
749 432 825 470 iam
871 445 942 482 pro
989 433 1123 470 castris
1168 439 1319 470 tanturn
1365 433 1444 471 suis

117 501 308 550 explicare
338 499 474 546 aciem,
501 498 571 536 sed
601 498 815 546 procedere
844 495 883 534 in
913 496 1088 535 medium
1118 496 1247 546 campi
1276 503 1315 535 et
1342 498 1445 535 vallo

118 578 237 615 prope
272 564 440 602 hostium
475 561 585 612 signa
619 561 821 600 inferendo
855 561 1065 610 superbam
1096 560 1279 598 fiduciam
1309 560 1446 599 virium

77 637 321 681 3ostentare.
399 628 440 666 id
478 641 592 677 aegre
638 626 857 676 patiebatur
904 628 1108 664 Romanus
1154 625 1275 672 miles,
1323 627 1447 665 multo

119 695 268 744 aegrius
289 696 383 732 alter
404 707 449 731 ex
470 691 633 731 tribunis
654 691 833 739 militum,
857 692 899 729 L.
918 689 1066 737 Furius,
1088 691 1196 728 ferox
1217 703 1305 728 cum
1320 697 1448 729 aetate
1505 724 1507 727 .

120 768 157 799 et
177 758 345 808 ingenio,
368 766 450 796 tum
473 756 732 794 multitudinis
753 770 798 793 ex
820 755 1075 794 incertissimo
1093 755 1281 794 sumentis
1296 755 1448 794 animos

80 839 102 871 4
121 836 187 872 spe
226 821 391 859 inflatus.
451 820 514 858 hic
552 833 622 869 per
667 831 707 858 se
753 819 830 856 iam
876 818 1018 857 milites
1067 818 1249 858 incitatos
1293 819 1449 869 insuper

122 885 328 934 instigabat
362 884 566 930 elevando,
603 896 681 933 qua
716 896 793 921 una
824 890 989 933 poterat,
1021 890 1149 921 aetate
1179 881 1448 921 auctoritatem

122 952 305 999 collegae,
334 948 540 987 iuvenibus
568 949 670 986 bella
698 948 791 986 data
816 947 1013 994 dictitans,
1039 955 1077 986 et
1101 961 1192 986 cum
1219 947 1450 998 corporibus

81 1029 99 1066 5
123 1016 249 1065 vigere
287 1022 325 1052 et
363 1014 618 1052 deflorescere
657 1012 840 1060 animos;
878 1020 1148 1052 cunctatorem
1183 1026 1230 1051 ex
1263 1011 1450 1051 acerrimo

122 1082 308 1119 bellatore
338 1081 495 1126 factum,
527 1087 577 1127 et,
609 1079 675 1128 qui
704 1078 919 1117 adveniens
948 1086 1073 1116 castra
1101 1079 1297 1128 urbesque
1325 1077 1452 1128 primo

124 1146 270 1195 impetu
291 1158 424 1195 rapere
445 1144 494 1183 sit
514 1143 776 1194 solitus‚·eum
803 1142 971 1182 residem
997 1142 1098 1181 intra
1124 1144 1269 1180 vallum
1296 1150 1452 1192 tempus

124 1220 255 1258 terere,
282 1210 376 1260 quid
397 1222 645 1248 accessurum
673 1208 751 1247 suis
780 1209 1082 1247 decessurumve
1109 1207 1280 1247 hostium
1307 1207 1452 1246 viribus

84 1279 105 1313 6
125 1278 374 1326 sperantem?
422 1289 541 1324 quam
562 1275 826 1322 occasionem,
848 1275 955 1324 quod
976 1282 1142 1324 tempus,
1166 1287 1283 1324 quem
1303 1273 1454 1327 insidiis

87 1358 103 1393 7
126 1340 359 1379 instruendis
383 1341 543 1378 locum?
599 1338 735 1388 frigere
762 1352 808 1377 ac
836 1346 988 1388 torpere
1017 1338 1122 1377 senis
1151 1337 1324 1376 consilia.
1384 1338 1454 1376 sed

127 1404 293 1445 Camillo
324 1418 414 1442 cum
448 1404 549 1442 vitae
583 1403 686 1451 satis,
723 1411 805 1441 tum
839 1403 986 1453 gloriae
1020 1416 1105 1442 esse
1117 1416 1128 1451 3
1163 1403 1259 1453 quid
1290 1401 1454 1441 attinere

126 1484 214 1508 cum
242 1469 394 1508 mortali
421 1483 584 1519 corpore
615 1482 694 1507 uno
724 1468 900 1517 civitatis,
932 1482 1050 1518 quam
1079 1468 1339 1507 immortalem
1358 1480 1454 1506 esse

85 1540 107 1575 8
128 1536 278 1581 deceat,
301 1534 384 1583 pati
411 1547 694 1572 consenescere
715 1534 842 1572 vires?
899 1533 958 1571 his
985 1533 1232 1571 sermonibus
1252 1539 1335 1571 tota
1355 1531 1395 1570 in
1415 1545 1456 1571 Se

128 1606 316 1637 averterat
346 1606 493 1646 castra3
534 1607 572 1637 et
602 1612 692 1637 cum
723 1597 906 1636 omnibus
936 1597 1032 1636 locis
1061 1604 1287 1648 posceretur
1311 1610 1455 1648 pugna,

129 1663 390 1710 “sustinere,’'
431 1663 567 1712 inquit,
610 1664 703 1700 “M.
746 1662 847 1708 Furi,
887 1675 967 1700 non
1012 1674 1222 1712 possumus
1265 1661 1458 1711 impetum

129 1728 306 1776 militum,
347 1735 384 1766 et
415 1727 548 1773 hostis,
566 1727 692 1765 cuius
722 1727 876 1765 animos
905 1728 1131 1765 cunctando
1160 1725 1351 1773 auximus,
1379 1725 1456 1764 iam

130 1792 293 1830 minime
316 1793 520 1830 toleranda
542 1792 724 1842 superbia
744 1792 929 1840 insultat,
959 1793 1057 1830 cede
1082 1805 1182 1830 unus
1209 1792 1393 1830 omnibus
1419 1799 1459 1829 et

89 1871 110 1906 9
132 1864 262 1907 patere
292 1865 330 1895 te
359 1857 464 1895 vinci
491 1857 668 1904 consilio,
698 1865 740 1895 ut
767 1858 954 1895 maturius
979 1858 1084 1896 bello
1109 1856 1279 1896 vincas.’'
1335 1857 1386 1895 ad
1411 1870 1459 1895 ea

133 1923 333 1970 Camillus,
355 1935 458 1971 quae
479 1924 583 1962 bella
604 1936 674 1961 suo
694 1923 809 1960 unius
830 1921 1009 1971 auspicio
1028 1929 1138 1973 gesta
1157 1924 1209 1961 ad
1235 1935 1323 1960 eam
1353 1920 1458 1960 diem

133 1995 272 2033 essent,
302 2000 441 2036 negare
469 1988 508 2024 in
538 1986 591 2025 eis
623 2000 750 2036 neque
780 2000 821 2025 se
851 2000 979 2036 neque
1009 1988 1200 2036 populum
1230 1988 1458 2024 Romanum

132 2058 198 2089 aut
236 2052 387 2090 consilii
426 2053 483 2090 sui
523 2060 588 2090 aut
626 2053 803 2091 fortunae
834 2052 1098 2102 paenituisse3
1137 2065 1243 2090 nunc
1276 2050 1374 2090 scire
1403 2063 1458 2097 se,

134 2116 323 2165 collegam
362 2117 506 2154 habere
544 2116 625 2154 iure
670 2115 914 2166 imperioque
959 2129 1107 2166 parem,
1148 2115 1282 2166 vigore
1319 2114 1458 2154 aetatis

73 2193 116 2217 10
135 2184 398 2228 praestantem
411 2196 421 2229 3
452 2180 583 2230 itaque
610 2194 662 2228 se,
686 2182 793 2230 quod
819 2182 870 2219 ad
897 2181 1108 2220 exercitum
1130 2181 1305 2228 attineat,
1326 2193 1459 2230 regere

137 2257 355 2290 consuesse,
396 2258 475 2283 non
515 2245 617 2295 regi;
664 2247 838 2295 collegae
877 2245 1087 2295 imperium
1132 2259 1173 2284 se
1217 2258 1298 2284 non
1343 2258 1459 2295 posse

1468 777 1500 794 10

1473 1099 1502 1124 ιε.

1473 1423 1506 1440 20

1477 1744 1528 1768 ²5-

1478 2071 1511 2096 30
